#,Date,Rank,Price,Sales
1,2/8/2023,13881,45.28,48
2,2/7/2023,13608,43.36,49
3,2/6/2023,12708,40.5,53
4,2/5/2023,17299,41.91,38
5,2/4/2023,16134,42.39,41
6,2/3/2023,12489,43.2,53
7,2/2/2023,12801,43.41,52
8,2/1/2023,12576,42.39,53
9,1/31/2023,12832,41.37,52
10,1/30/2023,13288,41.51,51
11,1/29/2023,19945,39.95,32
12,1/28/2023,16145,38.96,41
13,1/27/2023,11550,37.98,50
14,1/26/2023,10140,38.68,49
15,1/25/2023,10892,38.75,48
16,1/24/2023,11700,38.95,50
17,1/23/2023,13686,39.86,49
18,1/22/2023,19580,39.8,33
19,1/21/2023,18692,39.78,34
20,1/20/2023,13233,39.76,51
21,1/19/2023,11099,39.74,48
22,1/18/2023,10384,39.72,47
23,1/17/2023,11376,39.7,49
24,1/16/2023,13045,39.68,52
25,1/15/2023,17366,39.53,38
26,1/14/2023,14864,39.4,45
27,1/13/2023,10917,39.27,48
28,1/12/2023,11844,39.14,51
29,1/11/2023,12044,38.87,51
30,1/10/2023,11815,39.01,51
31,1/9/2023,11985,39.08,51
32,1/8/2023,12469,39.15,53
33,1/7/2023,12743,39.22,53
34,1/6/2023,13880,39.29,48
35,1/5/2023,15384,39.36,43
36,1/4/2023,16226,39.43,41
37,1/3/2023,16068,39.5,41
38,1/2/2023,20660,39.57,31
39,1/1/2023,20975,39.64,31
40,12/31/2022,18984,39.71,34
41,12/30/2022,16980,39.78,39
42,12/29/2022,15886,39.85,42
43,12/28/2022,18416,39.73,35
44,12/27/2022,18762,38.2,34
45,12/26/2022,22213,38.56,29
46,12/25/2022,19012,38.92,34
47,12/24/2022,17062,39.28,39
48,12/23/2022,17400,39.64,38
49,12/22/2022,15326,40,44
50,12/21/2022,15952,40.44,42
51,12/20/2022,17153,42.27,38
52,12/19/2022,18140,42.91,36
53,12/18/2022,17355,42.99,38
54,12/17/2022,16198,41.23,41
55,12/16/2022,16054,27.5,41
56,12/15/2022,15386,30.64,43
57,12/14/2022,15125,33.77,44
58,12/13/2022,14578,36.9,46
59,12/12/2022,15787,36.61,42
60,12/11/2022,19083,33.55,34
61,12/10/2022,17694,35.29,37
62,12/9/2022,13276,37.02,51
63,12/8/2022,11359,38.75,49
64,12/7/2022,11827,33.55,51
65,12/6/2022,10249,38.75,48
66,12/5/2022,14061,37.85,48
67,12/4/2022,18108,36.99,36
68,12/3/2022,17068,36.13,39
69,12/2/2022,13859,35.27,48
70,12/1/2022,13044,34.41,52
71,11/30/2022,12348,33.55,52
72,11/29/2022,14782,31.99,45
73,11/28/2022,18672,32.31,34
74,11/27/2022,24982,32.62,25
75,11/26/2022,22448,32.93,28
76,11/25/2022,22797,33.24,28
77,11/24/2022,16220,33.55,41
78,11/23/2022,12185,38.07,52
79,11/22/2022,11143,35.03,49
80,11/21/2022,15289,31.99,44
81,11/20/2022,17920,33.55,36
82,11/19/2022,15404,33.11,43
83,11/18/2022,11701,32.67,50
84,11/17/2022,10635,32.23,47
85,11/16/2022,11164,31.79,49
86,11/15/2022,10513,31.35,47
87,11/14/2022,11144,30.91,49
88,11/13/2022,14525,30.47,46
89,11/12/2022,14412,30.03,46
90,11/11/2022,10795,29.59,48
91,11/10/2022,9854,29.15,50
92,11/9/2022,9426,28.71,53
93,11/8/2022,9608,28.27,52
94,11/7/2022,9843,27.06,50
95,11/6/2022,12038,27.59,51
96,11/5/2022,9767,28.08,51
97,11/4/2022,5933,28.57,115
98,11/3/2022,5665,29.06,122
99,11/2/2022,6244,29.55,107
100,11/1/2022,6684,30.04,97
101,10/31/2022,8430,30.53,59
102,10/30/2022,10717,31.02,47
103,10/29/2022,10329,31.1,48
104,10/28/2022,7715,31.13,75
105,10/27/2022,8314,31.16,62
106,10/26/2022,9129,31.19,54
107,10/25/2022,9082,31.22,55
108,10/24/2022,9607,31.25,52
109,10/23/2022,12700,31.28,53
110,10/22/2022,12883,31.31,52
111,10/21/2022,10887,31.34,48
112,10/20/2022,9332,31.37,53
113,10/19/2022,9303,31.4,53
114,10/18/2022,9677,31.43,51
115,10/17/2022,11323,31.46,49
116,10/16/2022,12680,31.49,53
117,10/15/2022,11659,31.52,50
118,10/14/2022,9615,31.55,52
119,10/13/2022,10454,31.55,47
120,10/12/2022,11661,31.55,50
121,10/11/2022,11564,31.55,50
122,10/10/2022,11359,31.55,49
123,10/9/2022,12949,31.55,52
124,10/8/2022,12213,31.55,52
125,10/7/2022,10770,31.55,47
126,10/6/2022,9897,31.55,50
127,10/5/2022,10567,31.55,47
128,10/4/2022,11245,31.55,49
129,10/3/2022,11207,31.55,49
130,10/2/2022,15324,31.55,44
131,10/1/2022,12494,31.55,53
132,9/30/2022,9758,31.55,51
133,9/29/2022,9174,31.55,54
134,9/28/2022,10017,31.55,49
135,9/27/2022,10845,31.55,48
136,9/26/2022,11120,31.55,49
137,9/25/2022,13757,31.55,49
138,9/24/2022,13085,31.55,51
139,9/23/2022,10890,31.58,48
140,9/22/2022,9466,31.59,52
141,9/21/2022,10025,31.6,49
142,9/20/2022,9908,31.74,50
143,9/19/2022,9650,32.1,51
144,9/18/2022,11128,32.15,49
145,9/17/2022,9035,32.2,55
146,9/16/2022,6118,32.25,110
147,9/15/2022,5038,32.92,138
148,9/14/2022,5171,33.25,134
149,9/13/2022,5821,33.4,118
150,9/12/2022,5707,33.43,121
151,9/11/2022,7960,33.45,69
152,9/10/2022,8541,33.08,58
153,9/9/2022,6431,32.74,102
154,9/8/2022,6572,32.4,99
155,9/7/2022,7220,32.06,85
156,9/6/2022,8640,31.72,57
157,9/5/2022,14149,31.38,47
158,9/4/2022,13946,31.04,48
159,9/3/2022,13008,30.7,52
160,9/2/2022,9967,30.36,50
161,9/1/2022,8741,30.02,57
162,8/31/2022,9934,29.68,50
163,8/30/2022,10050,29.34,49
164,8/29/2022,11225,29,49
165,8/28/2022,12684,33,53
166,8/27/2022,12247,33.1,52
167,8/26/2022,10151,33.17,49
168,8/25/2022,9003,33.24,55
169,8/24/2022,8137,33.31,66
170,8/23/2022,7773,33.38,73
171,8/22/2022,7918,33.45,70
172,8/21/2022,10241,33.22,48
173,8/20/2022,8450,33,59
174,8/19/2022,5889,33.18,116
175,8/18/2022,5588,33.35,124
176,8/17/2022,5698,33.52,121
177,8/16/2022,5859,34.99,117
178,8/15/2022,6266,33.5,106
179,8/14/2022,7780,34.99,73
180,8/13/2022,8061,33.5,67
181,8/12/2022,6605,33.64,98
182,8/11/2022,5859,33.76,117
183,8/10/2022,6483,33.88,101
184,8/9/2022,6509,34,100
185,8/8/2022,7760,34.99,74
186,8/7/2022,10996,34.72,48
187,8/6/2022,12217,36.5,52
188,8/5/2022,9085,36.75,55
189,8/4/2022,9419,37,53
190,8/3/2022,8991,37.25,55
191,8/2/2022,8397,37.34,60
192,8/1/2022,9920,37.42,50
193,7/31/2022,11814,37.5,51
194,7/30/2022,10806,37.46,48
195,7/29/2022,8594,37.45,57
196,7/28/2022,7074,37.44,88
197,7/27/2022,7135,37.43,87
198,7/26/2022,7082,37.42,88
199,7/25/2022,6969,37.41,91
200,7/24/2022,6266,37.53,106
201,7/23/2022,5909,37.54,115
202,7/22/2022,5731,37.55,120
203,7/21/2022,5483,37.56,126
204,7/20/2022,5400,37.57,128
205,7/19/2022,5281,37.58,132
206,7/18/2022,4709,37.59,146
207,7/17/2022,3722,37.6,172
208,7/16/2022,3180,37.61,187
209,7/15/2022,2664,37.62,226
210,7/14/2022,2393,37.63,247
211,7/13/2022,2326,37.64,252
212,7/12/2022,2438,37.65,244
213,7/11/2022,4792,37.66,144
214,7/10/2022,8867,37.67,56
215,7/9/2022,10041,37.68,49
216,7/8/2022,9352,37.69,53
217,7/7/2022,8596,37.7,57
218,7/6/2022,8248,37.71,63
219,7/5/2022,9849,37.72,50
220,7/4/2022,13982,37.73,48
221,7/3/2022,12656,37.74,53
222,7/2/2022,12314,37.75,52
223,7/1/2022,11064,37.76,48
224,6/30/2022,10478,37.77,47
225,6/29/2022,10356,37.78,47
226,6/28/2022,11242,37.79,49
227,6/27/2022,12257,37.8,52
228,6/26/2022,15991,37.81,42
229,6/25/2022,14365,37.82,47
230,6/24/2022,12759,37.83,53
231,6/23/2022,10394,37.84,47
232,6/22/2022,11215,37.85,49
233,6/21/2022,11143,37.86,49
234,6/20/2022,15123,37.87,44
235,6/19/2022,13829,37.88,49
236,6/18/2022,12779,37.89,53
237,6/17/2022,11098,37.9,48
238,6/16/2022,10685,37.91,47
239,6/15/2022,10761,37.92,47
240,6/14/2022,12092,37.93,52
241,6/13/2022,13115,37.94,51
242,6/12/2022,15370,37.95,43
243,6/11/2022,13189,34.57,51
244,6/10/2022,10415,31.19,47
245,6/9/2022,9702,27.81,51
246,6/8/2022,10168,27.63,48
247,6/7/2022,10460,27.45,47
248,6/6/2022,12177,27.27,52
249,6/5/2022,13465,27.09,50
250,6/4/2022,12585,26.91,53
251,6/3/2022,10796,26.73,48
252,6/2/2022,11048,26.55,48
253,6/1/2022,9912,26.37,50
254,5/31/2022,11016,26.19,48
255,5/30/2022,13582,26.01,49
256,5/29/2022,12072,26.78,52
257,5/28/2022,12749,27.47,53
258,5/27/2022,10641,28.16,47
259,5/26/2022,9639,28.85,51
260,5/25/2022,8438,29.54,59
261,5/24/2022,9265,30.23,54
262,5/23/2022,9803,30.92,51
263,5/22/2022,13051,31.61,52
264,5/21/2022,13113,32.3,51
265,5/20/2022,10800,32.99,48
266,5/19/2022,9592,33.33,52
267,5/18/2022,9159,33.66,54
268,5/17/2022,10002,33.99,49
269,5/16/2022,11719,34.99,50
270,5/15/2022,12514,33.17,53
271,5/14/2022,11106,31.38,48
272,5/13/2022,9960,29.59,50
273,5/12/2022,9150,27.8,54
274,5/11/2022,10634,26.01,47
275,5/10/2022,9676,22.99,51
276,5/9/2022,10044,30.97,49
277,5/8/2022,11798,38.95,51
278,5/7/2022,12571,33.63,53
279,5/6/2022,10247,28.31,48
280,5/5/2022,10428,22.99,47
281,5/4/2022,10304,46.68,48
282,5/3/2022,10068,47.58,49
283,5/2/2022,10271,46.92,48
284,5/1/2022,12348,46.28,52
285,4/30/2022,11259,45.64,49
286,4/29/2022,9555,45,52
287,4/28/2022,9901,44.08,50
288,4/27/2022,9661,44.92,51
289,4/26/2022,9440,44.88,53
290,4/25/2022,9062,45,55
291,4/24/2022,14100,44.7,48
292,4/23/2022,13262,44.22,51
293,4/22/2022,9952,43.75,50
294,4/21/2022,9232,43.28,54
295,4/20/2022,10236,42.81,48
296,4/19/2022,10547,42.34,47
297,4/18/2022,11071,41.87,48
298,4/17/2022,12273,41.4,52
299,4/16/2022,10647,40.93,47
300,4/15/2022,9222,40.46,54
301,4/14/2022,9065,39.99,55
302,4/13/2022,9025,43.57,55
303,4/12/2022,10217,44.17,48
304,4/11/2022,11689,43.93,50
305,4/10/2022,13377,43.61,50
306,4/9/2022,12804,43.34,52
307,4/8/2022,11368,43.07,49
308,4/7/2022,10359,42.8,47
309,4/6/2022,11740,42.53,51
310,4/5/2022,12120,42.26,52
311,4/4/2022,14724,41.99,45
312,4/3/2022,16676,41.69,40
313,4/2/2022,14508,41.64,46
314,4/1/2022,13478,41.52,50
315,3/31/2022,12682,41.69,53
316,3/30/2022,12315,41.61,52
317,3/29/2022,13778,41.54,49
318,3/28/2022,11824,41.75,51
319,3/27/2022,12990,41.84,52
320,3/26/2022,12580,41.87,53
321,3/25/2022,12114,41.89,52
322,3/24/2022,12826,42.13,52
323,3/23/2022,12715,42.37,53
324,3/22/2022,12719,42.55,53
325,3/21/2022,13254,43.21,51
326,3/20/2022,14561,42,46
327,3/19/2022,11909,42.44,51
328,3/18/2022,9526,42.87,52
329,3/17/2022,8365,43.3,61
330,3/16/2022,7982,44.5,69
331,3/15/2022,8518,39,58
332,3/14/2022,11135,38.5,49
333,3/13/2022,12775,38.76,53
334,3/12/2022,12247,38.85,52
335,3/11/2022,9501,39.48,52
336,3/10/2022,9071,40.13,55
337,3/9/2022,8809,40.69,56
338,3/8/2022,9844,41.62,50
339,3/7/2022,9749,41.36,51
340,3/6/2022,13420,41.11,50
341,3/5/2022,13847,41.41,48
342,3/4/2022,11156,41.7,49
343,3/3/2022,10536,41.99,47
344,3/2/2022,9220,41.74,54
345,3/1/2022,9241,41.5,54
346,2/28/2022,11025,40.24,48
347,2/27/2022,13018,40.57,52
348,2/26/2022,11201,41.99,49
349,2/25/2022,8752,41.49,57
350,2/24/2022,8093,41,67
351,2/23/2022,8033,41.19,68
352,2/22/2022,9387,41.35,53
353,2/21/2022,9676,41.51,51
354,2/20/2022,11357,41.67,49
355,2/19/2022,11051,41.83,48
356,2/18/2022,9853,41.99,50
357,2/17/2022,8657,43.99,57
358,2/16/2022,7461,43.51,80
359,2/15/2022,7450,43.06,80
360,2/14/2022,7017,42.61,90
361,2/13/2022,7883,42.16,71
362,2/12/2022,8551,41.71,58
363,2/11/2022,7375,41.26,82
364,2/10/2022,6326,40.81,105
365,2/9/2022,6642,40.77,97
366,2/8/2022,7447,40.75,80
367,2/7/2022,8505,41.12,58
368,2/6/2022,10981,42.31,48
369,2/5/2022,10032,42.27,49
370,2/4/2022,8088,42.23,67
371,2/3/2022,7918,41.69,70
372,2/2/2022,7537,41.8,78
373,2/1/2022,8257,41.66,63
374,1/31/2022,9118,41.94,54
375,1/30/2022,8040,43.95,68
376,1/29/2022,6324,40.52,105
377,1/28/2022,5755,42.04,119
378,1/27/2022,6076,43.95,111
379,1/26/2022,6216,44.47,107
380,1/25/2022,7118,43.72,87
381,1/24/2022,8321,42.53,62
382,1/23/2022,7583,42.95,77
383,1/22/2022,7035,42.41,89
384,1/21/2022,6087,43.3,111
385,1/20/2022,5416,40.52,128
386,1/19/2022,4915,42.01,141
387,1/18/2022,5547,43.5,125
388,1/17/2022,5925,44.99,115
389,1/16/2022,6009,39.99,113
390,1/15/2022,4907,41.88,141
391,1/14/2022,4041,43.76,164
392,1/13/2022,3705,42.67,172
393,1/12/2022,3728,43.63,172
394,1/11/2022,3750,44.58,171
395,1/10/2022,4788,43.13,144
396,1/9/2022,5069,42.81,137
397,1/8/2022,5637,42.49,122
398,1/7/2022,4586,42.72,149
399,1/6/2022,4284,42.95,157
400,1/5/2022,4272,44.57,158
401,1/4/2022,4456,42.42,153
402,1/3/2022,6120,42.95,110
403,1/2/2022,7596,40.5,77
404,1/1/2022,6750,43.87,95
405,12/31/2021,5432,42.23,128
406,12/30/2021,4778,40.59,145
407,12/29/2021,4421,38.95,154
408,12/28/2021,4627,39.95,148
409,12/27/2021,4961,40.13,140
410,12/26/2021,6704,40.3,96
411,12/25/2021,7105,40.47,88
412,12/24/2021,6096,40.64,110
413,12/23/2021,5605,40.81,123
414,12/22/2021,5886,40.77,116
415,12/21/2021,6462,40.74,101
416,12/20/2021,7375,40.71,82
417,12/19/2021,8888,40.68,56
418,12/18/2021,8419,40.65,60
419,12/17/2021,8083,40.62,67
420,12/16/2021,7714,40.59,75
421,12/15/2021,9364,40.56,53
422,12/14/2021,9198,40.53,54
423,12/13/2021,10630,40.5,47
424,12/12/2021,11021,40.57,48
425,12/11/2021,9625,40.63,52
426,12/10/2021,8410,40.69,60
427,12/9/2021,8376,40.75,61
428,12/8/2021,8915,40.81,56
429,12/7/2021,9025,41.34,55
430,12/6/2021,9291,41.86,53
431,12/5/2021,9778,41.99,51
432,12/4/2021,7121,41.99,87
433,12/3/2021,6051,42.82,112
434,12/2/2021,5735,43.48,120
435,12/1/2021,4939,43.58,140
436,11/30/2021,4591,43.5,149
437,11/29/2021,5699,41.84,121
438,11/28/2021,6915,40.19,92
439,11/27/2021,7196,38.54,86
440,11/26/2021,7445,41.01,80
441,11/25/2021,8178,43.48,65
442,11/24/2021,6417,43.49,102
443,11/23/2021,5234,43.49,133
444,11/22/2021,8331,32.77,62
445,11/21/2021,9745,37.97,51
446,11/20/2021,9236,43.49,54
447,11/19/2021,8195,43.21,64
448,11/18/2021,8194,42.94,64
449,11/17/2021,7727,43.25,74
450,11/16/2021,7114,42.53,87
451,11/15/2021,8095,42.19,67
452,11/14/2021,9708,42.95,51
453,11/13/2021,9482,42.6,52
454,11/12/2021,7789,42.28,73
455,11/11/2021,6995,43.18,90
456,11/10/2021,6755,43.23,95
457,11/9/2021,7513,43.27,79
458,11/8/2021,8389,43.49,60
459,11/7/2021,9491,43.99,52
460,11/6/2021,7930,44.01,70
461,11/5/2021,5807,44.03,118
462,11/4/2021,3400,44.05,180
463,11/3/2021,3492,44.15,178
464,11/2/2021,3766,44.24,171
465,11/1/2021,4409,44.33,154
466,10/31/2021,5516,44.42,125
467,10/30/2021,4816,44.43,144
468,10/29/2021,4111,44.44,162
469,10/28/2021,3845,44.31,169
470,10/27/2021,3519,44.21,177
471,10/26/2021,3594,44.11,175
472,10/25/2021,3350,44.01,181
473,10/24/2021,3199,44.44,185
474,10/23/2021,3261,44.54,184
475,10/22/2021,3132,44.58,190
476,10/21/2021,2993,44.62,201
477,10/20/2021,3458,44.66,179
478,10/19/2021,4489,44.7,152
479,10/18/2021,4783,44.74,144
480,10/17/2021,5793,44.78,118
481,10/16/2021,5335,44.82,130
482,10/15/2021,4563,44.86,150
483,10/14/2021,3948,44.9,166
484,10/13/2021,3965,45.06,166
485,10/12/2021,4281,45.09,157
486,10/11/2021,4276,45.1,157
487,10/10/2021,4193,44.49,160
488,10/9/2021,3664,44.6,173
489,10/8/2021,3636,44.69,174
490,10/7/2021,3552,44.78,176
491,10/6/2021,3830,44.59,169
492,10/5/2021,3608,44.41,175
493,10/4/2021,4385,44.52,155
494,10/3/2021,5700,44.62,121
495,10/2/2021,5182,44.01,134
496,10/1/2021,4515,43.41,151
497,9/30/2021,4576,44.65,150
498,9/29/2021,4294,45,157
499,9/28/2021,3908,45.34,167
500,9/27/2021,4018,44.45,164
501,9/26/2021,4719,43.57,146
502,9/25/2021,4088,45.47,162
503,9/24/2021,3298,45.65,183
504,9/23/2021,3166,45.82,188
505,9/22/2021,3396,45.99,180
506,9/21/2021,3365,43.36,181
507,9/20/2021,2919,43.77,207
508,9/19/2021,3042,44.14,197
509,9/18/2021,2686,44.51,225
510,9/17/2021,2332,44.88,252
511,9/16/2021,2259,45.25,257
512,9/15/2021,2267,45.62,257
513,9/14/2021,2412,45.99,246
514,9/13/2021,2862,45.82,211
515,9/12/2021,3790,45.66,170
516,9/11/2021,2998,45.5,201
517,9/10/2021,3792,45.99,170
518,9/9/2021,5594,48.25,123
519,9/8/2021,5426,49.29,128
520,9/7/2021,5056,48.02,137
521,9/6/2021,6786,48.87,94
522,9/5/2021,5393,49.71,129
523,9/4/2021,4729,49.28,146
524,9/3/2021,3746,48.68,171
525,9/2/2021,2972,48.14,203
526,9/1/2021,2781,47.6,217
527,8/31/2021,3093,47.06,193
528,8/30/2021,2938,46.52,205
529,8/29/2021,3334,45.98,182
530,8/28/2021,2452,45.44,243
531,8/27/2021,1700,43.26,300
532,8/26/2021,1483,41.1,333
533,8/25/2021,1499,38.94,329
534,8/24/2021,1405,36.78,349
535,8/23/2021,1425,36.79,345
536,8/22/2021,1834,36.79,290
537,8/21/2021,1682,36.79,302
538,8/20/2021,1283,36.79,375
539,8/19/2021,1158,36.79,402
540,8/18/2021,1154,36.79,403
541,8/17/2021,1209,36.79,391
542,8/16/2021,1293,36.79,373
543,8/15/2021,1965,36.79,280
544,8/14/2021,1782,36.79,294
545,8/13/2021,1516,36.79,326
546,8/12/2021,1954,36.79,281
547,8/11/2021,2151,45.99,266
548,8/10/2021,2129,45.34,267
549,8/9/2021,2185,45.26,263
550,8/8/2021,2603,45.22,231
551,8/7/2021,2271,45.18,256
552,8/6/2021,1845,45.14,289
553,8/5/2021,1503,45.1,328
554,8/4/2021,1369,44.49,357
555,8/3/2021,1527,45.09,323
556,8/2/2021,2081,45.1,271
557,8/1/2021,3002,44.98,200
558,7/31/2021,2581,44.88,233
559,7/30/2021,1836,44.78,290
560,7/29/2021,1801,44.68,292
561,7/28/2021,2197,44.49,262
562,7/27/2021,2809,45.09,215
563,7/26/2021,3504,45.05,177
564,7/25/2021,4365,45.05,155
565,7/24/2021,4101,45.05,162
566,7/23/2021,3461,45.05,179
567,7/22/2021,3754,45.05,171
568,7/21/2021,4210,44.93,159
569,7/20/2021,4553,44.91,150
570,7/19/2021,4439,44.9,153
571,7/18/2021,5690,44.96,121
572,7/17/2021,5336,45.02,130
573,7/16/2021,4798,45.06,144
574,7/15/2021,5369,44.94,129
575,7/14/2021,5807,44.91,118
576,7/13/2021,6849,44.91,93
577,7/12/2021,5679,44.87,121
578,7/11/2021,139,44.94,1152
579,7/10/2021,128,45.03,1186
580,7/9/2021,117,45.03,1220
581,7/8/2021,119,45.1,1214
582,7/7/2021,114,45.11,1230
583,7/6/2021,119,45.14,1214
584,7/5/2021,135,45.07,1164
585,7/4/2021,149,45.01,1121
586,7/3/2021,150,45.05,1118
587,7/2/2021,135,45.16,1164
588,7/1/2021,128,45.15,1186
589,6/30/2021,115,45,1226
590,6/29/2021,112,45.1,1236
591,6/28/2021,146,45.2,1130
592,6/27/2021,151,45.3,1115
593,6/26/2021,144,45.29,1136
594,6/25/2021,118,45.27,1217
595,6/24/2021,113,45.25,1233
596,6/23/2021,106,45.18,1254
597,6/22/2021,105,45.29,1257
598,6/21/2021,109,45.28,1245
599,6/20/2021,126,45.27,1192
600,6/19/2021,111,45.26,1239
601,6/18/2021,94,45.1,1314
602,6/17/2021,93,45,1321
603,6/16/2021,86,45.29,1370
604,6/15/2021,77,45.29,1432
605,6/14/2021,75,45.3,1445
606,6/13/2021,85,45.31,1376
607,6/12/2021,88,45.27,1356
608,6/11/2021,84,45.23,1383
609,6/10/2021,92,45.13,1328
610,6/9/2021,101,45.2,1270
611,6/8/2021,102,44.76,1267
612,6/7/2021,107,45.27,1251
613,6/6/2021,138,45.32,1155
614,6/5/2021,128,45.32,1186
615,6/4/2021,127,45.31,1189
616,6/3/2021,129,45.29,1183
617,6/2/2021,132,45.32,1174
618,6/1/2021,122,45.34,1205
619,5/31/2021,113,45.34,1233
620,5/30/2021,105,45.34,1257
621,5/29/2021,103,45.34,1264
622,5/28/2021,97,45.34,1294
623,5/27/2021,92,45.34,1328
624,5/26/2021,90,45.34,1342
625,5/25/2021,80,45.34,1411
626,5/24/2021,81,45.34,1404
627,5/23/2021,82,45.34,1397
628,5/22/2021,87,45.34,1363
629,5/21/2021,91,45.34,1335
630,5/20/2021,101,45.34,1270
631,5/19/2021,108,45.34,1248
632,5/18/2021,103,45.31,1264
633,5/17/2021,103,45.3,1264
634,5/16/2021,108,45.29,1248
635,5/15/2021,100,45.28,1273
636,5/14/2021,104,45.27,1261
637,5/13/2021,98,45.26,1287
638,5/12/2021,109,45.25,1245
639,5/11/2021,112,45.24,1236
640,5/10/2021,106,45.23,1254
641,5/9/2021,106,45.22,1254
642,5/8/2021,98,45.21,1287
643,5/7/2021,95,45.2,1308
644,5/6/2021,100,45.19,1273
645,5/5/2021,94,45.18,1314
646,5/4/2021,97,44.99,1294
647,5/3/2021,96,44.75,1301
648,5/2/2021,95,44.54,1308
649,5/1/2021,93,44.33,1321
650,4/30/2021,88,44.12,1356
651,4/29/2021,91,43.91,1335
652,4/28/2021,93,43.7,1321
653,4/27/2021,96,43.49,1301
654,4/26/2021,104,43.36,1261
655,4/25/2021,112,42.15,1236
656,4/24/2021,102,42.51,1267
657,4/23/2021,84,41.64,1383
658,4/22/2021,68,42.49,1494
659,4/21/2021,54,44.04,1590
660,4/20/2021,44,45.34,1750
661,4/19/2021,81,31.42,1404
662,4/18/2021,110,36.06,1242
663,4/17/2021,98,40.7,1287
664,4/16/2021,103,45.34,1264
665,4/15/2021,99,45.31,1280
666,4/14/2021,112,45.3,1236
667,4/13/2021,108,45.3,1248
668,4/12/2021,114,45.3,1230
669,4/11/2021,121,45.3,1208
670,4/10/2021,105,45.28,1257
671,4/9/2021,87,45.26,1363
672,4/8/2021,78,33.05,1425
673,4/7/2021,87,24.46,1363
674,4/6/2021,90,25.82,1342
675,4/5/2021,90,27.34,1342
676,4/4/2021,106,28.93,1254
677,4/3/2021,106,30.53,1254
678,4/2/2021,107,32.22,1251
679,4/1/2021,116,34.01,1223
680,3/31/2021,108,35.49,1248
681,3/30/2021,100,35.94,1273
682,3/29/2021,95,36.26,1308
683,3/28/2021,101,36.58,1270
684,3/27/2021,104,36.9,1261
685,3/26/2021,91,37.22,1335
686,3/25/2021,92,37.54,1328
687,3/24/2021,90,37.86,1342
688,3/23/2021,110,38.18,1242
689,3/22/2021,119,38.5,1214
690,3/21/2021,124,38.82,1198
691,3/20/2021,112,39.14,1236
692,3/19/2021,110,39.46,1242
693,3/18/2021,115,39.78,1226
694,3/17/2021,118,40.1,1217
695,3/16/2021,129,40.42,1183
696,3/15/2021,130,40.47,1180
697,3/14/2021,124,40.5,1198
698,3/13/2021,108,40.53,1248
699,3/12/2021,108,38.58,1248
700,3/11/2021,102,40.61,1267
701,3/10/2021,100,42.92,1273
702,3/9/2021,109,45.21,1245
703,3/8/2021,120,45.59,1211
704,3/7/2021,131,45.79,1177
705,3/6/2021,120,45.99,1211
706,3/5/2021,111,46.19,1239
707,3/4/2021,95,46.39,1308
708,3/3/2021,90,46.59,1342
709,3/2/2021,83,46.79,1390
710,3/1/2021,100,46.99,1273
711,2/28/2021,124,47.19,1198
712,2/27/2021,1456,47.39,338
713,2/26/2021,114,47.59,1230
714,2/25/2021,112,47.79,1236
715,2/24/2021,101,47.99,1270
716,2/23/2021,107,48.19,1251
717,2/22/2021,102,48.39,1267
718,2/21/2021,120,48.59,1211
719,2/20/2021,115,48.79,1226
720,2/19/2021,107,48.99,1251
721,2/18/2021,106,49.19,1254
722,2/17/2021,83,49.39,1390
723,2/16/2021,66,49.59,1508
724,2/15/2021,71,49.79,1473
725,2/14/2021,90,49.99,1342
726,2/13/2021,86,50.19,1370
727,2/12/2021,75,50.39,1445
728,2/11/2021,134,50.59,1167
729,2/10/2021,649,50.79,560
730,2/9/2021,838,50.99,470
