#,Date,Rank,Price,Sales
1,2/8/2023,10838,10.25,48
2,2/7/2023,12169,10.19,52
3,2/6/2023,13143,10.13,51
4,2/5/2023,13313,10.07,51
5,2/4/2023,11636,10.01,50
6,2/3/2023,11446,9.95,50
7,2/2/2023,12436,9.89,53
8,2/1/2023,12144,9.83,52
9,1/31/2023,11661,9.77,50
10,1/30/2023,12087,9.71,52
11,1/29/2023,10909,9.65,48
12,1/28/2023,10942,9.59,48
13,1/27/2023,11891,9.53,51
14,1/26/2023,10827,9.47,48
15,1/25/2023,10765,9.41,47
16,1/24/2023,11420,9.35,49
17,1/23/2023,12384,9.43,53
18,1/22/2023,12843,9.44,52
19,1/21/2023,12697,9.45,53
20,1/20/2023,13843,9.46,48
21,1/19/2023,12651,9.47,53
22,1/18/2023,13905,9.48,48
23,1/17/2023,14136,9.49,47
24,1/16/2023,15822,9.5,42
25,1/15/2023,15060,9.63,44
26,1/14/2023,14856,9.75,45
27,1/13/2023,13902,9.87,48
28,1/12/2023,13549,9.99,50
29,1/11/2023,13243,10.39,51
30,1/10/2023,13200,10.78,51
31,1/9/2023,13478,11.17,50
32,1/8/2023,13831,11.56,49
33,1/7/2023,14330,11.95,47
34,1/6/2023,14930,11.7,45
35,1/5/2023,15246,11.45,44
36,1/4/2023,14914,11.2,45
37,1/3/2023,15543,10.95,43
38,1/2/2023,16036,11.2,42
39,1/1/2023,16416,11.45,40
40,12/31/2022,14629,11.7,46
41,12/30/2022,13894,11.95,48
42,12/29/2022,13063,11.99,51
43,12/28/2022,13924,12.15,48
44,12/27/2022,13982,12.29,48
45,12/26/2022,12282,12.43,52
46,12/25/2022,10419,12.57,47
47,12/24/2022,9309,12.71,53
48,12/23/2022,8741,12.85,57
49,12/22/2022,7911,12.99,71
50,12/21/2022,7189,12.95,86
51,12/20/2022,5754,12.91,119
52,12/19/2022,4831,12.87,143
53,12/18/2022,3923,12.99,167
54,12/17/2022,3190,12.93,186
55,12/16/2022,3196,12.92,186
56,12/15/2022,3304,12.91,183
57,12/14/2022,3842,12.9,169
58,12/13/2022,4164,12.89,160
59,12/12/2022,4121,12.88,161
60,12/11/2022,3596,12.87,175
61,12/10/2022,3724,12.53,172
62,12/9/2022,4004,12.24,165
63,12/8/2022,3902,11.95,167
64,12/7/2022,4056,11.66,163
65,12/6/2022,5076,11.37,137
66,12/5/2022,6306,11.08,105
67,12/4/2022,5994,10.79,113
68,12/3/2022,5226,10.5,133
69,12/2/2022,5913,10.14,115
70,12/1/2022,7808,10.32,73
71,11/30/2022,8585,10.5,57
72,11/29/2022,9863,10.93,50
73,11/28/2022,9552,10.95,52
74,11/27/2022,9830,10.97,50
75,11/26/2022,8674,10.99,57
76,11/25/2022,8528,11.01,58
77,11/24/2022,8150,11.03,65
78,11/23/2022,9748,11.05,51
79,11/22/2022,11472,11.07,50
80,11/21/2022,11705,11.09,50
81,11/20/2022,13678,11.11,49
82,11/19/2022,13087,11.13,51
83,11/18/2022,16478,11.15,40
84,11/17/2022,18235,11.17,35
85,11/16/2022,18074,11.19,36
86,11/15/2022,20837,11.21,31
87,11/14/2022,21263,11.23,30
88,11/13/2022,20288,11.25,32
89,11/12/2022,17748,11.27,37
90,11/11/2022,19264,11.29,33
91,11/10/2022,18893,11.31,34
92,11/9/2022,17865,11.33,36
93,11/8/2022,21583,11.35,30
94,11/7/2022,25873,11.37,24
95,11/6/2022,26121,11.39,24
96,11/5/2022,21384,11.41,30
97,11/4/2022,19906,11.43,32
98,11/3/2022,18311,11.45,35
99,11/2/2022,21215,11.47,30
100,11/1/2022,19621,11.49,33
101,10/31/2022,19726,11.51,33
102,10/30/2022,17403,11.53,38
103,10/29/2022,18044,11.55,36
104,10/28/2022,17365,11.57,38
105,10/27/2022,18984,11.59,34
106,10/26/2022,19979,11.61,32
107,10/25/2022,18262,11.63,35
108,10/24/2022,18987,11.65,34
109,10/23/2022,20644,11.67,31
110,10/22/2022,18806,11.69,34
111,10/21/2022,19249,11.71,33
112,10/20/2022,19525,11.73,33
113,10/19/2022,20800,11.75,31
114,10/18/2022,20291,11.77,32
115,10/17/2022,17140,11.79,38
116,10/16/2022,13785,11.81,49
117,10/15/2022,13491,11.83,50
118,10/14/2022,14478,10.99,46
119,10/13/2022,11725,10.97,50
120,10/12/2022,12336,11.23,52
121,10/11/2022,14890,11.47,45
122,10/10/2022,16117,11.71,41
123,10/9/2022,13223,11.95,51
124,10/8/2022,14790,11.47,45
125,10/7/2022,15065,10.99,44
126,10/6/2022,13722,11.07,49
127,10/5/2022,11731,11.15,50
128,10/4/2022,11088,11.23,48
129,10/3/2022,11879,11.31,51
130,10/2/2022,13456,11.39,50
131,10/1/2022,16595,11.47,40
132,9/30/2022,15425,11.55,43
133,9/29/2022,16372,11.63,41
134,9/28/2022,16613,11.71,40
135,9/27/2022,15871,11.79,42
136,9/26/2022,16554,11.87,40
137,9/25/2022,15362,11.95,43
138,9/24/2022,15445,12.87,43
139,9/23/2022,14390,12.65,46
140,9/22/2022,14355,12.43,47
141,9/21/2022,15627,12.21,43
142,9/20/2022,17659,11.99,37
143,9/19/2022,18737,12.1,34
144,9/18/2022,18725,12.17,34
145,9/17/2022,17783,12.24,37
146,9/16/2022,18626,12.31,34
147,9/15/2022,16893,12.38,39
148,9/14/2022,15752,12.45,42
149,9/13/2022,15233,12.52,44
150,9/12/2022,18732,12.59,34
151,9/11/2022,19532,12.66,33
152,9/10/2022,18010,12.73,36
153,9/9/2022,15745,12.8,42
154,9/8/2022,14277,12.87,47
155,9/7/2022,15758,12.73,42
156,9/6/2022,18077,11.98,36
157,9/5/2022,18029,12.87,36
158,9/4/2022,15517,10.92,43
159,9/3/2022,15365,11.12,43
160,9/2/2022,18162,11.28,36
161,9/1/2022,18621,11.44,34
162,8/31/2022,19916,11.6,32
163,8/30/2022,20369,11.76,32
164,8/29/2022,21500,11.92,30
165,8/28/2022,20745,12.03,31
166,8/27/2022,21046,12.1,30
167,8/26/2022,20024,12.17,32
168,8/25/2022,18823,12.24,34
169,8/24/2022,18781,12.31,34
170,8/23/2022,19120,12.38,34
171,8/22/2022,20130,12.45,32
172,8/21/2022,19846,12.52,32
173,8/20/2022,17787,12.59,37
174,8/19/2022,16710,12.66,40
175,8/18/2022,16198,12.73,41
176,8/17/2022,15356,12.8,43
177,8/16/2022,14925,12.87,45
178,8/15/2022,14841,12.52,45
179,8/14/2022,15385,12.2,43
180,8/13/2022,16258,11.88,41
181,8/12/2022,17242,11.56,38
182,8/11/2022,16259,11.24,41
183,8/10/2022,16886,10.92,39
184,8/9/2022,15840,10.8,42
185,8/8/2022,16511,10.76,40
186,8/7/2022,17009,10.72,39
187,8/6/2022,16209,10.68,41
188,8/5/2022,16307,10.64,41
189,8/4/2022,15984,10.6,42
190,8/3/2022,14701,10.56,45
191,8/2/2022,16774,10.52,39
192,8/1/2022,16572,10.48,40
193,7/31/2022,16703,10.44,40
194,7/30/2022,18039,10.4,36
195,7/29/2022,17699,10.36,37
196,7/28/2022,19741,10.32,33
197,7/27/2022,19666,10.28,33
198,7/26/2022,20154,10.24,32
199,7/25/2022,20111,10.2,32
200,7/24/2022,19324,10.16,33
201,7/23/2022,19097,10.12,34
202,7/22/2022,18996,10.08,34
203,7/21/2022,20617,10.04,31
204,7/20/2022,20601,10,31
205,7/19/2022,20689,9.96,31
206,7/18/2022,22650,9.92,28
207,7/17/2022,22796,9.88,28
208,7/16/2022,24732,9.84,25
209,7/15/2022,27622,9.8,22
210,7/14/2022,26803,9.76,23
211,7/13/2022,28118,9.72,21
212,7/12/2022,27483,9.68,22
213,7/11/2022,26574,9.64,23
214,7/10/2022,26640,9.6,23
215,7/9/2022,30428,11.72,19
216,7/8/2022,25408,10.95,25
217,7/7/2022,28974,10.21,20
218,7/6/2022,33476,9.47,17
219,7/5/2022,32416,8.73,17
220,7/4/2022,25911,7.99,24
221,7/3/2022,23723,8.65,27
222,7/2/2022,25452,9.3,25
223,7/1/2022,26639,9.95,23
224,6/30/2022,21327,9.99,30
225,6/29/2022,24124,10.33,26
226,6/28/2022,26033,10.64,24
227,6/27/2022,24873,10.95,25
228,6/26/2022,23303,11.26,27
229,6/25/2022,22903,11.57,27
230,6/24/2022,24305,11.88,26
231,6/23/2022,26772,12.19,23
232,6/22/2022,30083,12.5,19
233,6/21/2022,32703,11.72,17
234,6/20/2022,26905,11.93,23
235,6/19/2022,29705,12.12,20
236,6/18/2022,32460,12.31,17
237,6/17/2022,33693,12.5,17
238,6/16/2022,30190,11.72,19
239,6/15/2022,26999,11.83,23
240,6/14/2022,25241,11.94,25
241,6/13/2022,21755,11.67,29
242,6/12/2022,21004,11.43,30
243,6/11/2022,24537,11.19,26
244,6/10/2022,21800,10.95,29
245,6/9/2022,22525,11.23,28
246,6/8/2022,23157,11.51,27
247,6/7/2022,25978,11.79,24
248,6/6/2022,32310,12.07,17
249,6/5/2022,28874,11.72,21
250,6/4/2022,31355,11.72,18
251,6/3/2022,30862,11.72,18
252,6/2/2022,30831,11.72,18
253,6/1/2022,25593,11.72,24
254,5/31/2022,25867,11.72,24
255,5/30/2022,29933,11.72,19
256,5/29/2022,26275,11.72,24
257,5/28/2022,23189,11.72,27
258,5/27/2022,22287,11.72,28
259,5/26/2022,23601,11.72,27
260,5/25/2022,26827,11.72,23
261,5/24/2022,22398,11.72,28
262,5/23/2022,20433,11.72,31
263,5/22/2022,21797,11.72,29
264,5/21/2022,18987,11.72,34
265,5/20/2022,19546,11.72,33
266,5/19/2022,20954,11.72,31
267,5/18/2022,20300,11.72,32
268,5/17/2022,19232,11.72,33
269,5/16/2022,20421,11.72,31
270,5/15/2022,21078,11.72,30
271,5/14/2022,20740,11.72,31
272,5/13/2022,18591,11.72,35
273,5/12/2022,18798,11.72,34
274,5/11/2022,18419,11.72,35
275,5/10/2022,20925,11.72,31
276,5/9/2022,20116,11.72,32
277,5/8/2022,18874,11.72,34
278,5/7/2022,16948,11.72,39
279,5/6/2022,16015,11.72,42
280,5/5/2022,13636,11.72,49
281,5/4/2022,13318,11.72,50
282,5/3/2022,12201,11.72,52
283,5/2/2022,12717,11.72,53
284,5/1/2022,13531,11.72,50
285,4/30/2022,14635,11.72,46
286,4/29/2022,15421,11.72,43
287,4/28/2022,17553,11.72,37
288,4/27/2022,18093,11.72,36
289,4/26/2022,19381,11.72,33
290,4/25/2022,19359,11.72,33
291,4/24/2022,18465,11.72,35
292,4/23/2022,20082,11.72,32
293,4/22/2022,16530,11.72,40
294,4/21/2022,19129,11.72,34
295,4/20/2022,19803,11.72,32
296,4/19/2022,17562,11.72,37
297,4/18/2022,19732,11.72,33
298,4/17/2022,21563,11.72,30
299,4/16/2022,20358,11.72,32
300,4/15/2022,17547,11.72,37
301,4/14/2022,21222,11.72,30
302,4/13/2022,20369,11.72,32
303,4/12/2022,22353,11.72,28
304,4/11/2022,22218,11.72,29
305,4/10/2022,22321,11.72,28
306,4/9/2022,20620,11.72,31
307,4/8/2022,19342,11.72,33
308,4/7/2022,20166,11.72,32
309,4/6/2022,20053,11.72,32
310,4/5/2022,20261,11.72,32
311,4/4/2022,19890,11.72,32
312,4/3/2022,18953,11.72,34
313,4/2/2022,17586,11.72,37
314,4/1/2022,20158,11.97,32
315,3/31/2022,21789,12.14,29
316,3/30/2022,21853,12.31,29
317,3/29/2022,22854,12.48,28
318,3/28/2022,23661,12.65,27
319,3/27/2022,23661,12.82,27
320,3/26/2022,25604,12.99,24
321,3/25/2022,23397,13.16,27
322,3/24/2022,20941,13.33,31
323,3/23/2022,19497,13.5,33
324,3/22/2022,18222,13.67,36
325,3/21/2022,21097,13.84,30
326,3/20/2022,21532,14.01,30
327,3/19/2022,20593,14.18,31
328,3/18/2022,17947,14.35,36
329,3/17/2022,17813,14.52,37
330,3/16/2022,16506,14.69,40
331,3/15/2022,17895,14.72,36
332,3/14/2022,19295,14.72,33
333,3/13/2022,19825,14.72,32
334,3/12/2022,22121,14.72,29
335,3/11/2022,19338,14.72,33
336,3/10/2022,21093,14.72,30
337,3/9/2022,20450,14.72,31
338,3/8/2022,20020,14.72,32
339,3/7/2022,22179,14.72,29
340,3/6/2022,20733,14.72,31
341,3/5/2022,20681,14.72,31
342,3/4/2022,19485,13.88,33
343,3/3/2022,18783,13.07,34
344,3/2/2022,16496,12.26,40
345,3/1/2022,17077,11.45,39
346,2/28/2022,18726,11.5,34
347,2/27/2022,21295,11.52,30
348,2/26/2022,21034,11.54,30
349,2/25/2022,20753,11.56,31
350,2/24/2022,19762,11.58,32
351,2/23/2022,17462,11.6,38
352,2/22/2022,16417,11.62,40
353,2/21/2022,16620,11.64,40
354,2/20/2022,16387,12.11,41
355,2/19/2022,15573,12.54,43
356,2/18/2022,15098,12.97,44
357,2/17/2022,15881,13.4,42
358,2/16/2022,15072,13.83,44
359,2/15/2022,15546,14.26,43
360,2/14/2022,18224,14.69,36
361,2/13/2022,16536,14.98,40
362,2/12/2022,16427,15.26,40
363,2/11/2022,16288,15.54,41
364,2/10/2022,16102,15.82,41
365,2/9/2022,15247,16.1,44
366,2/8/2022,16186,16.38,41
367,2/7/2022,16513,18.44,40
368,2/6/2022,16986,19.99,39
369,2/5/2022,15684,19.33,43
370,2/4/2022,13619,18.74,49
371,2/3/2022,12598,18.15,53
372,2/2/2022,13168,17.56,51
373,2/1/2022,14040,16.97,48
374,1/31/2022,13795,16.38,49
375,1/30/2022,15522,15.79,43
376,1/29/2022,14230,15.2,47
377,1/28/2022,13234,14.61,51
378,1/27/2022,12998,14.02,52
379,1/26/2022,12283,13.43,52
380,1/25/2022,12279,12.84,52
381,1/24/2022,12501,12.25,53
382,1/23/2022,12118,12.28,52
383,1/22/2022,11393,12.29,49
384,1/21/2022,11640,12.3,50
385,1/20/2022,13263,12.38,51
386,1/19/2022,11950,12.44,51
387,1/18/2022,11993,12.5,51
388,1/17/2022,13771,12.56,49
389,1/16/2022,15335,12.62,44
390,1/15/2022,14470,12.68,46
391,1/14/2022,12802,12.74,52
392,1/13/2022,11397,12.8,49
393,1/12/2022,12105,13.18,52
394,1/11/2022,12606,13.3,53
395,1/10/2022,13788,13.42,49
396,1/9/2022,15551,13.54,43
397,1/8/2022,13868,13.66,48
398,1/7/2022,13246,13.78,51
399,1/6/2022,12838,13.9,52
400,1/5/2022,11917,14.02,51
401,1/4/2022,13032,14.14,52
402,1/3/2022,13125,14.26,51
403,1/2/2022,14414,14.38,46
404,1/1/2022,17534,14.5,37
405,12/31/2021,15844,14.62,42
406,12/30/2021,13560,14.74,50
407,12/29/2021,16534,14.86,40
408,12/28/2021,15842,14.98,42
409,12/27/2021,15169,15.1,44
410,12/26/2021,16134,15.22,41
411,12/25/2021,13725,15.34,49
412,12/24/2021,12825,15.46,52
413,12/23/2021,13746,15.58,49
414,12/22/2021,12608,15.7,53
415,12/21/2021,14971,15.82,45
416,12/20/2021,15047,15.94,44
417,12/19/2021,12533,16.06,53
418,12/18/2021,10656,16.18,47
419,12/17/2021,10048,16.3,49
420,12/16/2021,8749,16.42,57
421,12/15/2021,7683,16.54,75
422,12/14/2021,7077,16.66,88
423,12/13/2021,8068,16.78,67
424,12/12/2021,7015,16.9,90
425,12/11/2021,6428,18.76,102
426,12/10/2021,6284,17.47,106
427,12/9/2021,5518,17.26,125
428,12/8/2021,4909,18.22,141
429,12/7/2021,5324,19.99,130
430,12/6/2021,5188,19.61,134
431,12/5/2021,5046,19.34,138
432,12/4/2021,5047,19.07,138
433,12/3/2021,5698,18.8,121
434,12/2/2021,5309,18.53,131
435,12/1/2021,5228,18.26,133
436,11/30/2021,4873,17.99,142
437,11/29/2021,4631,17.72,148
438,11/28/2021,5559,17.45,124
439,11/27/2021,5232,17.18,133
440,11/26/2021,6020,16.91,112
441,11/25/2021,10077,16.64,49
442,11/24/2021,11056,16.37,48
443,11/23/2021,12660,16.1,53
444,11/22/2021,15242,15.83,44
445,11/21/2021,14093,15.56,48
446,11/20/2021,14363,15.29,47
447,11/19/2021,15142,15.02,44
448,11/18/2021,15352,14.75,43
449,11/17/2021,14601,15.35,46
450,11/16/2021,11430,15.95,50
451,11/15/2021,12662,14.25,53
452,11/14/2021,13004,13.73,52
453,11/13/2021,12957,13.23,52
454,11/12/2021,14492,12.73,46
455,11/11/2021,13073,14.49,51
456,11/10/2021,16906,14.53,39
457,11/9/2021,19229,14.56,33
458,11/8/2021,18593,14.59,35
459,11/7/2021,16564,14.62,40
460,11/6/2021,16194,14.65,41
461,11/5/2021,15243,14.68,44
462,11/4/2021,15654,14.71,43
463,11/3/2021,16709,14.74,40
464,11/2/2021,18459,14.77,35
465,11/1/2021,17734,14.8,37
466,10/31/2021,19628,14.83,33
467,10/30/2021,16860,14.86,39
468,10/29/2021,15794,14.89,42
469,10/28/2021,15949,14.92,42
470,10/27/2021,18936,14.95,34
471,10/26/2021,16453,14.98,40
472,10/25/2021,19862,15.01,32
473,10/24/2021,17045,15.04,39
474,10/23/2021,20243,15.07,32
475,10/22/2021,18021,15.1,36
476,10/21/2021,19182,15.13,33
477,10/20/2021,21466,15.16,30
478,10/19/2021,19347,15.19,33
479,10/18/2021,17166,15.22,38
480,10/17/2021,17801,15.25,37
481,10/16/2021,16075,15.28,41
482,10/15/2021,16477,15.31,40
483,10/14/2021,16577,15.34,40
484,10/13/2021,19531,15.37,33
485,10/12/2021,17881,15.4,36
486,10/11/2021,22793,16.09,28
487,10/10/2021,23598,16.76,27
488,10/9/2021,25581,17.43,24
489,10/8/2021,24480,18.1,26
490,10/7/2021,24415,18.77,26
491,10/6/2021,23057,18.83,27
492,10/5/2021,26801,18.86,23
493,10/4/2021,26499,18.89,23
494,10/3/2021,24325,18.92,26
495,10/2/2021,25788,18.59,24
496,10/1/2021,28789,18.3,21
497,9/30/2021,25556,18.01,24
498,9/29/2021,22317,17.72,28
499,9/28/2021,26448,17.43,23
500,9/27/2021,27062,17.14,23
501,9/26/2021,21543,16.85,30
502,9/25/2021,20679,16.56,31
503,9/24/2021,20553,16.27,31
504,9/23/2021,19351,15.98,33
505,9/22/2021,19070,15.69,34
506,9/21/2021,19637,15.4,33
507,9/20/2021,18982,16.2,34
508,9/19/2021,19746,16.99,33
509,9/18/2021,17614,16.82,37
510,9/17/2021,19890,16.65,32
511,9/16/2021,19538,16.7,33
512,9/15/2021,19982,16.72,32
513,9/14/2021,19496,16.74,33
514,9/13/2021,19097,16.76,34
515,9/12/2021,21967,16.78,29
516,9/11/2021,18444,16.8,35
517,9/10/2021,17508,16.82,37
518,9/9/2021,20445,16.84,31
519,9/8/2021,21702,16.86,29
520,9/7/2021,21254,16.88,30
521,9/6/2021,23386,16.9,27
522,9/5/2021,22912,16.92,27
523,9/4/2021,25980,17.42,24
524,9/3/2021,25418,17.92,25
525,9/2/2021,40683,18.94,14
526,9/1/2021,73609,19.95,6
527,8/31/2021,65078,19.56,7
528,8/30/2021,60124,19.21,8
529,8/29/2021,47332,18.86,11
530,8/28/2021,30856,18.51,18
531,8/27/2021,16040,18.16,42
532,8/26/2021,15664,17.81,43
533,8/25/2021,14711,17.46,45
534,8/24/2021,14654,17.62,45
535,8/23/2021,15982,17.77,42
536,8/22/2021,13767,17.92,49
537,8/21/2021,17977,18.12,36
538,8/20/2021,17446,18.32,38
539,8/19/2021,17383,18.52,38
540,8/18/2021,17811,18.72,37
541,8/17/2021,18891,18.82,34
542,8/16/2021,19231,18.92,33
543,8/15/2021,21760,19.49,29
544,8/14/2021,17975,19.99,36
545,8/13/2021,15475,19.83,43
546,8/12/2021,15206,19.68,44
547,8/11/2021,14288,18.93,47
548,8/10/2021,14060,18.95,48
549,8/9/2021,14142,17.92,47
550,8/8/2021,13921,18.95,48
551,8/7/2021,14470,18.26,46
552,8/6/2021,14117,17.59,47
553,8/5/2021,15632,16.92,43
554,8/4/2021,15317,17.42,44
555,8/3/2021,18296,17.92,35
556,8/2/2021,13633,20.5,49
557,8/1/2021,14621,18.95,46
558,7/31/2021,14476,18.99,46
559,7/30/2021,13216,18.99,51
560,7/29/2021,13813,18.99,49
561,7/28/2021,16110,18.99,41
562,7/27/2021,18340,18.99,35
563,7/26/2021,16874,15.75,39
564,7/25/2021,16731,13.8,40
565,7/24/2021,18960,11.92,34
566,7/23/2021,14154,15.75,47
567,7/22/2021,13745,13.84,49
568,7/21/2021,16386,13.56,41
569,7/20/2021,17426,15.75,38
570,7/19/2021,17662,12.55,37
571,7/18/2021,19502,15.06,33
572,7/17/2021,18413,14,35
573,7/16/2021,20769,12.96,31
574,7/15/2021,19958,11.92,32
575,7/14/2021,20673,13.32,31
576,7/13/2021,21492,14.72,30
577,7/12/2021,21267,15.77,30
578,7/11/2021,21452,14.8,30
579,7/10/2021,19063,13.84,34
580,7/9/2021,21944,12.88,29
581,7/8/2021,20671,11.92,31
582,7/7/2021,23417,12.89,27
583,7/6/2021,23759,13.85,26
584,7/5/2021,23629,14.81,27
585,7/4/2021,25798,15.77,24
586,7/3/2021,27072,15.98,23
587,7/2/2021,26105,16.12,24
588,7/1/2021,25655,16.26,24
589,6/30/2021,24370,16.4,26
590,6/29/2021,22265,16.54,28
591,6/28/2021,23715,16.68,27
592,6/27/2021,29166,16.82,20
593,6/26/2021,31015,16.96,18
594,6/25/2021,28506,17.1,21
595,6/24/2021,26215,16.84,24
596,6/23/2021,25323,16.61,25
597,6/22/2021,28966,16.38,20
598,6/21/2021,31715,16.15,18
599,6/20/2021,29822,15.92,19
600,6/19/2021,27988,16.17,22
601,6/18/2021,26225,16.42,24
602,6/17/2021,26610,16.67,23
603,6/16/2021,30078,16.92,19
604,6/15/2021,27388,17.92,22
605,6/14/2021,22552,18.92,28
606,6/13/2021,23369,19.74,27
607,6/12/2021,20336,19.82,32
608,6/11/2021,22561,19.84,28
609,6/10/2021,23580,19.86,27
610,6/9/2021,23024,19.88,27
611,6/8/2021,24212,19.9,26
612,6/7/2021,26637,19.92,23
613,6/6/2021,29851,19.94,19
614,6/5/2021,32054,19.96,18
615,6/4/2021,32442,19.98,17
616,6/3/2021,32264,19.65,17
617,6/2/2021,25532,19.32,24
618,6/1/2021,28495,18.99,21
619,5/31/2021,27001,15.99,23
620,5/30/2021,25233,20.5,25
621,5/29/2021,22766,19.74,28
622,5/28/2021,27350,18.99,22
623,5/27/2021,29910,18.24,19
624,5/26/2021,31282,17.49,18
625,5/25/2021,28784,16.74,21
626,5/24/2021,26683,15.99,23
627,5/23/2021,26362,17.01,23
628,5/22/2021,24859,18.03,25
629,5/21/2021,29289,17.64,20
630,5/20/2021,28318,17.05,21
631,5/19/2021,24908,16.46,25
632,5/18/2021,18641,17.07,34
633,5/17/2021,21621,17.64,29
634,5/16/2021,20722,18.21,31
635,5/15/2021,20358,18.78,32
636,5/14/2021,21488,19.35,30
637,5/13/2021,18289,19.92,35
638,5/12/2021,19104,19.99,34
639,5/11/2021,17947,19.82,36
640,5/10/2021,16515,19.76,40
641,5/9/2021,16470,19.7,40
642,5/8/2021,14920,19.64,45
643,5/7/2021,14956,19.58,45
644,5/6/2021,18877,19.52,34
645,5/5/2021,16762,19.46,39
646,5/4/2021,17145,19.4,38
647,5/3/2021,18915,19.34,34
648,5/2/2021,18329,19.28,35
649,5/1/2021,14485,19.22,46
650,4/30/2021,14637,19.16,46
651,4/29/2021,17713,19.1,37
652,4/28/2021,15330,19.04,44
653,4/27/2021,15181,18.98,44
654,4/26/2021,17343,18.92,38
655,4/25/2021,19548,19.99,33
656,4/24/2021,19454,19.82,33
657,4/23/2021,19692,19.76,33
658,4/22/2021,18231,19.7,35
659,4/21/2021,20741,19.64,31
660,4/20/2021,21554,19.58,30
661,4/19/2021,21060,19.52,30
662,4/18/2021,21687,19.46,29
663,4/17/2021,20222,19.4,32
664,4/16/2021,19402,19.34,33
665,4/15/2021,21468,19.28,30
666,4/14/2021,19302,19.22,33
667,4/13/2021,19101,19.16,34
668,4/12/2021,19801,19.1,32
669,4/11/2021,24524,19.04,26
670,4/10/2021,24361,18.98,26
671,4/9/2021,23477,18.92,27
672,4/8/2021,24669,19.45,25
673,4/7/2021,24904,19.98,25
674,4/6/2021,22564,20.51,28
675,4/5/2021,21614,21.04,30
676,4/4/2021,20730,21.57,31
677,4/3/2021,22748,22.1,28
678,4/2/2021,21706,22.63,29
679,4/1/2021,18274,21.75,35
680,3/31/2021,18236,20.87,35
681,3/30/2021,21857,19.99,29
682,3/29/2021,27356,20.31,22
683,3/28/2021,22114,20.6,29
684,3/27/2021,18316,20.89,35
685,3/26/2021,18399,21.18,35
686,3/25/2021,19845,21.47,32
687,3/24/2021,18810,21.76,34
688,3/23/2021,18505,22.05,35
689,3/22/2021,16034,22.34,42
690,3/21/2021,19671,22.63,33
691,3/20/2021,18706,22.09,34
692,3/19/2021,17271,21.56,38
693,3/18/2021,18382,21.03,35
694,3/17/2021,17970,20.5,36
695,3/16/2021,22338,20.7,28
696,3/15/2021,23114,20.9,27
697,3/14/2021,20036,21.1,32
698,3/13/2021,20765,21.3,31
699,3/12/2021,18320,20.5,35
700,3/11/2021,17298,21.57,38
701,3/10/2021,24491,22.63,26
702,3/9/2021,21868,21.56,29
703,3/8/2021,20681,20.5,31
704,3/7/2021,23198,20.39,27
705,3/6/2021,22304,20.35,28
706,3/5/2021,23141,20.31,27
707,3/4/2021,22977,20.27,27
708,3/3/2021,25124,20.23,25
709,3/2/2021,24825,20.19,25
710,3/1/2021,24629,20.15,25
711,2/28/2021,25378,20.11,25
712,2/27/2021,27042,20.07,23
713,2/26/2021,27133,20.03,23
714,2/25/2021,24124,19.99,26
715,2/24/2021,21377,20.95,30
716,2/23/2021,27520,21.9,22
717,2/22/2021,26651,21.9,23
718,2/21/2021,26934,21.9,23
719,2/20/2021,31610,21.9,18
720,2/19/2021,30200,21.9,19
721,2/18/2021,24667,21.9,25
722,2/17/2021,29922,21.9,19
723,2/16/2021,33192,21.9,17
724,2/15/2021,31481,21.9,18
725,2/14/2021,25187,21.9,25
726,2/13/2021,25576,21.9,24
727,2/12/2021,25418,21.9,25
728,2/11/2021,25127,21.9,25
729,2/10/2021,28124,21.9,21
730,2/9/2021,25321,21.9,25
