#,Date,Rank,Price,Sales
1,2/8/2023,152224,19.99,0
2,2/7/2023,187996,19.99,0
3,2/6/2023,193452,19.99,0
4,2/5/2023,183219,19.99,0
5,2/4/2023,163968,19.99,0
6,2/3/2023,175053,19.99,0
7,2/2/2023,190829,19.99,0
8,2/1/2023,190083,19.99,0
9,1/31/2023,158007,19.99,0
10,1/30/2023,144218,19.99,0
11,1/29/2023,130587,19.99,0
12,1/28/2023,161517,19.99,0
13,1/27/2023,139430,19.99,0
14,1/26/2023,147920,19.99,0
15,1/25/2023,144630,19.99,0
16,1/24/2023,111551,19.99,0
17,1/23/2023,129110,19.99,0
18,1/22/2023,128861,19.99,0
19,1/21/2023,125011,19.99,0
20,1/20/2023,176138,19.99,0
21,1/19/2023,148400,19.99,0
22,1/18/2023,136413,19.99,0
23,1/17/2023,147170,19.99,0
24,1/16/2023,149687,19.99,0
25,1/15/2023,159406,19.99,0
26,1/14/2023,122299,19.99,0
27,1/13/2023,158606,19.99,0
28,1/12/2023,89498,19.99,3
29,1/11/2023,77916,19.99,5
30,1/10/2023,76050,19.99,5
31,1/9/2023,81704,19.99,4
32,1/8/2023,85007,19.99,4
33,1/7/2023,91343,19.99,3
34,1/6/2023,105238,19.99,0
35,1/5/2023,121540,19.99,0
36,1/4/2023,128999,19.99,0
37,1/3/2023,131268,19.99,0
38,1/2/2023,98271,19.99,2
39,1/1/2023,135885,19.99,0
40,12/31/2022,168804,19.99,0
41,12/30/2022,166660,19.99,0
42,12/29/2022,146092,19.99,0
43,12/28/2022,148503,19.99,0
44,12/27/2022,133826,19.99,0
45,12/26/2022,149933,19.99,0
46,12/25/2022,144529,19.99,0
47,12/24/2022,129166,19.99,0
48,12/23/2022,120542,19.99,0
49,12/22/2022,130855,19.99,0
50,12/21/2022,123861,19.99,0
51,12/20/2022,107489,19.99,0
52,12/19/2022,117663,19.99,0
53,12/18/2022,107107,19.99,0
54,12/17/2022,112586,19.99,0
55,12/16/2022,121674,19.99,0
56,12/15/2022,130761,19.99,0
57,12/14/2022,164142,19.99,0
58,12/13/2022,154591,19.99,0
59,12/12/2022,150643,19.99,0
60,12/11/2022,160408,19.99,0
61,12/10/2022,169878,19.99,0
62,12/9/2022,187762,19.99,0
63,12/8/2022,200080,19.99,0
64,12/7/2022,189971,19.99,0
65,12/6/2022,185380,19.99,0
66,12/5/2022,178459,19.99,0
67,12/4/2022,160147,19.99,0
68,12/3/2022,129224,19.99,0
69,12/2/2022,118588,19.99,0
70,12/1/2022,125682,19.99,0
71,11/30/2022,141862,19.99,0
72,11/29/2022,178484,19.99,0
73,11/28/2022,172827,19.99,0
74,11/27/2022,145062,19.99,0
75,11/26/2022,159271,19.99,0
76,11/25/2022,169831,19.99,0
77,11/24/2022,119277,19.99,0
78,11/23/2022,135608,19.99,0
79,11/22/2022,142687,19.99,0
80,11/21/2022,117118,19.99,0
81,11/20/2022,118521,19.99,0
82,11/19/2022,159313,19.99,0
83,11/18/2022,141356,19.99,0
84,11/17/2022,142881,19.99,0
85,11/16/2022,159113,19.99,0
86,11/15/2022,162867,19.99,0
87,11/14/2022,138505,19.99,0
88,11/13/2022,143063,19.99,0
89,11/12/2022,130743,19.99,0
90,11/11/2022,131244,19.99,0
91,11/10/2022,167246,19.99,0
92,11/9/2022,166123,19.99,0
93,11/8/2022,163564,19.99,0
94,11/7/2022,173209,19.99,0
95,11/6/2022,153337,19.99,0
96,11/6/2022,125728,19.99,0
97,11/5/2022,109790,19.99,0
98,11/4/2022,108043,19.99,0
99,11/3/2022,123487,19.99,0
100,11/2/2022,139931,19.99,0
101,11/1/2022,133895,19.99,0
102,10/31/2022,164560,19.99,0
103,10/30/2022,144122,19.99,0
104,10/29/2022,101950,19.99,1
105,10/28/2022,155956,19.99,0
106,10/27/2022,138383,19.99,0
107,10/26/2022,156518,19.99,0
108,10/25/2022,142946,19.99,0
109,10/24/2022,148604,19.99,0
110,10/23/2022,143157,19.99,0
111,10/22/2022,134851,19.99,0
112,10/21/2022,161548,19.99,0
113,10/20/2022,135539,19.99,0
114,10/19/2022,117331,19.99,0
115,10/18/2022,108242,19.99,0
116,10/17/2022,142046,19.99,0
117,10/16/2022,128600,19.99,0
118,10/15/2022,137183,19.99,0
119,10/14/2022,123003,19.99,0
120,10/13/2022,140183,19.99,0
121,10/12/2022,146815,19.99,0
122,10/11/2022,184717,19.99,0
123,10/10/2022,159024,19.99,0
124,10/9/2022,154356,19.99,0
125,10/8/2022,136951,19.99,0
126,10/7/2022,136488,19.99,0
127,10/6/2022,153692,19.99,0
128,10/5/2022,130988,19.99,0
129,10/4/2022,132069,19.99,0
130,10/3/2022,125065,19.99,0
131,10/2/2022,134227,19.99,0
132,10/1/2022,164851,19.99,0
133,9/30/2022,147385,19.99,0
134,9/29/2022,135358,19.99,0
135,9/28/2022,159353,19.99,0
136,9/27/2022,166326,19.99,0
137,9/26/2022,142269,19.99,0
138,9/25/2022,113736,19.99,0
139,9/24/2022,143310,19.99,0
140,9/23/2022,109998,19.99,0
141,9/22/2022,83422,19.99,4
142,9/21/2022,86415,19.99,4
143,9/20/2022,89394,19.99,3
144,9/19/2022,92373,19.99,3
145,9/18/2022,95352,19.99,2
146,9/17/2022,98331,19.99,2
147,9/16/2022,101310,19.99,1
148,9/15/2022,104289,19.99,1
149,9/14/2022,107268,19.99,0
150,9/13/2022,110247,19.99,0
151,9/12/2022,113226,19.99,0
152,9/11/2022,116205,19.99,0
153,9/10/2022,119184,19.99,0
154,9/9/2022,122163,19.99,0
155,9/8/2022,125142,19.99,0
156,9/7/2022,128121,19.99,0
157,9/6/2022,131100,19.99,0
158,9/5/2022,103468,19.99,1
159,9/4/2022,90043,19.99,3
160,9/3/2022,68639,19.99,7
161,9/2/2022,48088,19.99,10
