#,Date,Rank,Price,Sales
1,2/8/2023,46707,24.64,2
2,2/7/2023,37157,24.78,2
3,2/6/2023,31763,24.84,3
4,2/5/2023,26369,24.9,3
5,2/4/2023,20976,24.87,4
6,2/3/2023,22194,24.85,4
7,2/2/2023,24477,24.82,4
8,2/1/2023,36806,24.79,3
9,1/31/2023,30906,24.69,3
10,1/30/2023,25832,24.68,3
11,1/29/2023,27508,24.66,3
12,1/28/2023,25451,24.64,3
13,1/27/2023,25729,24.66,3
14,1/26/2023,25094,24.62,4
15,1/25/2023,30073,25.68,3
16,1/24/2023,30101,25.59,3
17,1/23/2023,33133,25.56,3
18,1/22/2023,44375,25.55,2
19,1/21/2023,38476,25.43,2
20,1/20/2023,28739,25.4,3
21,1/19/2023,47636,25.29,2
22,1/18/2023,41880,25.18,2
23,1/17/2023,24970,24.64,4
24,1/16/2023,25980,24.1,3
25,1/15/2023,23575,24.14,4
26,1/14/2023,44706,24.18,2
27,1/13/2023,43322,24.31,2
28,1/12/2023,39716,25.02,2
29,1/11/2023,35606,23.83,3
30,1/10/2023,32471,23.82,3
31,1/9/2023,36026,23.83,3
32,1/8/2023,38450,23.84,2
33,1/7/2023,38985,23.85,2
34,1/6/2023,37516,23.74,2
35,1/5/2023,31180,23.38,3
36,1/4/2023,28968,23.77,3
37,1/3/2023,41260,24.15,2
38,1/2/2023,39396,24.11,2
39,1/1/2023,29716,24.3,3
40,12/31/2022,31236,24.46,3
41,12/30/2022,40989,24.49,2
42,12/29/2022,29466,25.98,3
43,12/28/2022,26484,26.96,3
44,12/27/2022,37780,21.08,2
45,12/26/2022,41688,21.05,2
46,12/25/2022,45595,21.03,2
47,12/24/2022,31715,20.89,3
48,12/23/2022,42145,20.84,2
49,12/22/2022,45192,21.15,2
50,12/21/2022,36559,21.45,3
51,12/20/2022,29255,21.48,3
52,12/19/2022,27046,21.67,3
53,12/18/2022,28089,21.96,3
54,12/17/2022,29079,21.95,3
55,12/16/2022,39587,21.95,2
56,12/15/2022,35588,21.93,3
57,12/14/2022,28432,21.93,3
58,12/13/2022,29513,21.93,3
59,12/12/2022,27454,21.93,3
60,12/11/2022,22501,22.1,4
61,12/10/2022,25528,22.48,3
62,12/9/2022,28985,22.56,3
63,12/8/2022,31824,23.12,3
64,12/7/2022,24741,23.8,4
65,12/6/2022,27433,23.79,3
66,12/5/2022,27000,23.81,3
67,12/4/2022,30700,23.82,3
68,12/3/2022,32510,23.89,3
69,12/2/2022,35403,23.95,3
70,12/1/2022,29225,24.06,3
71,11/30/2022,26958,24.16,3
72,11/29/2022,22341,25.33,4
73,11/28/2022,26549,29.08,3
74,11/27/2022,21968,26.51,4
75,11/26/2022,30703,23.94,3
76,11/25/2022,33370,24.41,3
77,11/24/2022,46435,21.63,2
78,11/23/2022,50201,21.59,2
79,11/22/2022,49063,22.53,2
80,11/21/2022,72073,28.64,1
81,11/20/2022,53908,28.8,2
82,11/19/2022,54731,22.28,2
83,11/18/2022,40632,22.26,2
84,11/17/2022,29725,22.25,3
85,11/16/2022,23729,22.24,4
86,11/15/2022,29705,22.23,3
87,11/14/2022,22280,22.23,4
88,11/13/2022,19552,22.29,5
89,11/12/2022,17728,22.34,5
90,11/11/2022,25766,22.35,3
91,11/10/2022,28464,22.36,3
92,11/9/2022,30669,22.39,3
93,11/8/2022,27725,22.41,3
94,11/7/2022,20015,22.43,4
95,11/6/2022,28353,22.44,3
96,11/5/2022,22902,24.94,4
97,11/4/2022,24339,24.95,4
98,11/3/2022,22050,24.95,4
99,11/2/2022,32265,24.97,3
100,11/1/2022,35780,24.97,3
101,10/31/2022,36342,24.97,3
102,10/30/2022,24608,24.97,4
103,10/29/2022,32772,25.05,3
104,10/28/2022,63485,25.11,1
105,10/27/2022,48499,25.17,2
106,10/26/2022,40213,25.1,2
107,10/25/2022,34079,25.5,3
108,10/24/2022,28373,25.9,3
109,10/23/2022,36186,26.08,3
110,10/22/2022,48192,26.09,2
111,10/21/2022,64772,26.06,1
112,10/20/2022,40160,26.49,2
113,10/19/2022,62558,27.09,1
114,10/18/2022,43625,27.68,2
115,10/17/2022,33816,27.74,3
116,10/16/2022,40850,27.79,2
117,10/15/2022,59883,28.84,2
118,10/14/2022,79235,29.88,1
119,10/13/2022,66611,30.92,1
120,10/12/2022,52747,30.79,2
121,10/11/2022,99429,30.04,0
122,10/10/2022,101126,29.29,0
123,10/9/2022,59476,28.75,2
124,10/8/2022,69477,28.22,1
125,10/7/2022,61987,27.99,1
126,10/6/2022,56781,27.76,2
127,10/5/2022,97077,28.84,0
128,10/4/2022,70801,28.52,1
129,10/3/2022,84902,28.2,1
130,10/2/2022,62407,27.88,1
131,10/1/2022,81876,27.7,1
132,9/30/2022,58744,27.54,2
133,9/29/2022,67466,27.38,1
134,9/28/2022,77801,27.29,1
135,9/27/2022,58452,27.2,2
136,9/26/2022,87961,28.01,1
137,9/25/2022,53733,27.46,2
138,9/24/2022,40777,26.92,2
139,9/23/2022,75554,26.68,1
140,9/22/2022,100161,25.87,0
141,9/21/2022,62776,26.28,1
142,9/20/2022,73832,26.68,1
143,9/19/2022,43306,26.47,2
144,9/18/2022,29237,26.27,3
145,9/17/2022,21464,25.61,4
146,9/16/2022,54290,25.76,2
147,9/15/2022,63946,25.62,1
148,9/14/2022,56193,25.51,2
149,9/13/2022,48441,25.4,2
150,9/12/2022,78626,25.29,1
151,9/11/2022,62968,25.18,1
152,9/10/2022,89011,25.23,1
153,9/9/2022,67102,25.24,1
154,9/8/2022,62939,25.25,1
155,9/7/2022,58780,25.26,2
156,9/6/2022,54621,25.27,2
157,9/5/2022,50462,25.28,2
158,9/4/2022,46303,25.29,2
159,9/3/2022,47743,25.31,2
160,9/2/2022,53054,25.31,2
161,9/1/2022,35753,25.31,3
162,8/31/2022,38153,25.31,2
163,8/30/2022,26606,25.31,3
164,8/29/2022,24742,25.31,4
165,8/28/2022,33950,25.33,3
166,8/27/2022,54675,25.37,2
167,8/26/2022,53014,25.41,2
168,8/25/2022,42072,25.45,2
169,8/24/2022,55430,25.49,2
170,8/23/2022,35684,25.53,3
171,8/22/2022,39609,25.45,2
172,8/21/2022,46461,25.38,2
173,8/20/2022,53125,25.51,2
174,8/19/2022,59788,25.63,2
175,8/18/2022,67414,25.75,1
176,8/17/2022,58062,26.03,2
177,8/16/2022,32813,26.05,3
178,8/15/2022,38592,26.07,2
179,8/14/2022,40477,26.09,2
180,8/13/2022,26227,25.92,3
181,8/12/2022,32295,25.75,3
182,8/11/2022,27857,25.58,3
183,8/10/2022,30291,24.03,3
184,8/9/2022,44875,28.04,2
185,8/8/2022,51762,28.28,2
186,8/7/2022,50091,28.51,2
187,8/6/2022,54152,28.74,2
188,8/5/2022,94449,28.94,1
189,8/4/2022,98943,29.13,0
190,8/3/2022,68732,29.31,1
191,8/2/2022,73114,29.2,1
192,8/1/2022,47165,28.45,2
193,7/31/2022,33110,27.89,3
194,7/30/2022,50558,27.42,2
195,7/29/2022,62311,26.95,1
196,7/28/2022,49436,26.48,2
197,7/27/2022,42983,26.01,2
198,7/26/2022,51033,25.54,2
199,7/25/2022,59082,25.07,2
200,7/24/2022,54987,24.6,2
201,7/23/2022,64387,24.13,1
202,7/22/2022,49422,23.66,2
203,7/21/2022,47144,23.19,2
204,7/20/2022,45070,22.72,2
205,7/19/2022,80558,22.25,1
206,7/18/2022,102616,21.78,0
207,7/17/2022,114892,22.76,0
208,7/16/2022,102646,23.74,0
209,7/15/2022,82642,24.72,1
210,7/14/2022,70489,25.7,1
211,7/13/2022,96959,26.68,0
212,7/12/2022,123429,27.66,0
213,7/11/2022,90373,28.64,1
214,7/10/2022,71442,28.55,1
215,7/9/2022,87443,28.32,1
216,7/8/2022,116895,28.09,0
217,7/7/2022,98238,27.84,0
218,7/6/2022,77679,27.6,1
219,7/5/2022,101090,27.53,0
220,7/4/2022,55333,27.52,2
221,7/3/2022,57105,27.51,2
222,7/2/2022,86631,27.5,1
223,7/1/2022,116157,27.49,0
224,6/30/2022,143704,27.48,0
225,6/29/2022,123190,27.47,0
226,6/28/2022,99917,27.3,0
227,6/27/2022,90113,27.13,1
228,6/26/2022,79764,27.18,1
229,6/25/2022,63299,27.23,1
230,6/24/2022,37109,26.96,2
231,6/23/2022,50809,26.56,2
232,6/22/2022,52087,26.07,2
233,6/21/2022,45351,25.64,2
234,6/20/2022,30174,25.22,3
235,6/19/2022,54757,26.05,2
236,6/18/2022,173941,26.34,0
237,6/17/2022,169059,26.49,0
238,6/16/2022,160094,26.64,0
239,6/15/2022,142782,26.95,0
240,6/14/2022,117887,27.25,0
241,6/13/2022,86215,27.18,1
242,6/12/2022,81721,27.13,1
243,6/11/2022,77227,27.08,1
244,6/10/2022,127543,27.09,0
245,6/9/2022,177858,27.1,0
246,6/8/2022,170446,27.11,0
247,6/7/2022,151167,27.12,0
248,6/6/2022,128658,27.13,0
249,6/5/2022,88070,27.17,1
250,6/4/2022,127139,27.18,0
251,6/3/2022,156913,27.48,0
252,6/2/2022,140221,27.35,0
253,6/1/2022,111815,27.23,0
254,5/31/2022,129092,27.26,0
255,5/30/2022,149812,27.27,0
256,5/29/2022,140262,27.28,0
257,5/28/2022,131300,27.12,0
258,5/27/2022,114779,26.99,0
259,5/26/2022,132904,26.86,0
260,5/25/2022,151028,26.73,0
261,5/24/2022,131865,26.64,0
262,5/23/2022,112703,26.58,0
263,5/22/2022,77034,26.52,1
264,5/21/2022,68647,26.46,1
265,5/20/2022,90922,26.58,1
266,5/19/2022,110942,26.69,0
267,5/18/2022,130961,26.8,0
268,5/17/2022,110093,26.91,0
269,5/16/2022,81121,26.93,1
270,5/15/2022,79602,26.94,1
271,5/14/2022,67522,27.18,1
272,5/13/2022,82306,27.1,1
273,5/12/2022,62625,27.03,1
274,5/11/2022,49375,26.96,2
275,5/10/2022,76582,27.07,1
276,5/9/2022,54812,27.19,2
277,5/8/2022,64427,27.17,1
278,5/7/2022,116498,27.15,0
279,5/6/2022,118016,27.13,0
280,5/5/2022,103388,27.21,0
281,5/4/2022,80047,27.25,1
282,5/3/2022,51682,27.29,2
283,5/2/2022,47546,27.33,2
284,5/1/2022,58674,27.37,2
285,4/30/2022,136774,27.48,0
286,4/29/2022,130153,27.59,0
287,4/28/2022,116590,27.7,0
288,4/27/2022,132399,28.22,0
289,4/26/2022,148208,28.74,0
290,4/25/2022,130765,29.26,0
291,4/24/2022,111258,29.78,0
292,4/23/2022,98171,29.41,0
293,4/22/2022,84796,29.04,1
294,4/21/2022,53888,28.98,2
295,4/20/2022,58333,28.93,2
296,4/19/2022,75638,29,1
297,4/18/2022,97478,29.06,0
298,4/17/2022,74138,29.15,1
299,4/16/2022,48204,29.1,2
300,4/15/2022,70365,29.06,1
301,4/14/2022,49883,29,2
302,4/13/2022,29904,28.95,3
303,4/12/2022,27889,29.06,3
304,4/11/2022,83826,29.12,1
305,4/10/2022,83957,28.87,1
306,4/9/2022,84078,28.66,1
307,4/8/2022,84199,28.45,1
308,4/7/2022,84320,28.24,1
309,4/6/2022,84441,28.03,1
310,4/5/2022,84562,27.82,1
311,4/4/2022,84683,27.61,1
312,4/3/2022,84804,27.4,1
313,4/2/2022,84925,27.19,1
314,4/1/2022,85046,26.98,1
315,3/31/2022,85167,26.77,1
316,3/30/2022,64812,26.56,1
317,3/29/2022,36686,26.53,3
318,3/28/2022,30484,26.08,3
319,3/27/2022,35688,25.78,3
320,3/26/2022,21447,25.48,4
321,3/25/2022,25657,25.18,3
322,3/24/2022,56666,24.88,2
323,3/23/2022,40878,24.58,2
324,3/22/2022,39814,24.28,2
325,3/21/2022,51861,23.98,2
326,3/20/2022,32451,23.68,3
327,3/19/2022,36449,23.38,3
328,3/18/2022,31516,23.08,3
329,3/17/2022,22509,22.78,4
330,3/16/2022,34414,22.48,3
331,3/15/2022,28994,22.18,3
332,3/14/2022,21683,21.88,4
333,3/13/2022,31039,21.58,3
334,3/12/2022,21115,21.28,4
335,3/11/2022,22728,20.98,4
336,3/10/2022,38144,20.68,2
337,3/9/2022,69814,20.38,1
338,3/8/2022,98421,20.08,0
339,3/7/2022,78596,19.78,1
340,3/6/2022,43196,19.48,2
341,3/5/2022,34446,19.18,3
342,3/4/2022,35688,18.88,3
343,3/3/2022,51784,18.58,2
344,3/2/2022,93916,18.28,1
345,3/1/2022,76455,17.98,1
346,2/28/2022,28369,17.68,3
347,2/27/2022,45359,17.38,2
348,2/26/2022,86864,17.08,1
349,2/25/2022,66284,16.78,1
350,2/24/2022,69883,16.48,1
351,2/23/2022,122024,16.18,0
352,2/22/2022,101694,15.88,0
353,2/21/2022,66705,15.58,1
354,2/20/2022,79944,15.28,1
355,2/19/2022,93183,14.98,1
356,2/18/2022,79243,14.63,1
357,2/17/2022,65303,14.31,1
358,2/16/2022,51363,13.99,2
359,2/15/2022,37557,13.67,2
360,2/14/2022,246464,13.43,0
361,2/13/2022,241062,13.68,0
362,2/12/2022,237849,13.73,0
363,2/11/2022,234636,13.78,0
364,2/10/2022,228323,13.83,0
365,2/9/2022,222994,13.88,0
366,2/8/2022,215600,13.93,0
367,2/7/2022,208207,13.98,0
368,2/6/2022,204620,14.03,0
369,2/5/2022,201033,14.08,0
370,2/4/2022,197446,14.13,0
371,2/3/2022,189699,14.18,0
372,2/2/2022,181952,14.23,0
373,2/1/2022,165230,14.28,0
374,1/31/2022,157968,14.33,0
375,1/30/2022,153869,14.38,0
376,1/29/2022,141634,14.43,0
377,1/28/2022,129400,14.48,0
378,1/27/2022,119848,14.53,0
379,1/26/2022,110297,14.58,0
380,1/25/2022,88661,14.63,1
381,1/24/2022,59584,14.68,2
382,1/23/2022,60608,14.73,2
383,1/22/2022,61632,14.78,1
384,1/21/2022,45565,14.83,2
385,1/20/2022,69998,14.88,1
386,1/19/2022,94430,14.93,1
387,1/18/2022,441816,14.98,0
388,1/17/2022,438366,14.98,0
389,1/16/2022,433149,16.26,0
390,1/15/2022,429887,17.54,0
391,1/14/2022,426626,18.82,0
392,1/13/2022,423365,20.1,0
393,1/12/2022,418536,21.38,0
394,1/11/2022,413708,22.66,0
395,1/10/2022,408880,22.66,0
396,1/9/2022,404052,22.66,0
397,1/8/2022,399224,22.66,0
398,1/7/2022,394396,22.66,0
399,1/6/2022,389568,22.66,0
400,1/5/2022,384740,22.66,0
401,1/4/2022,379912,22.66,0
402,1/3/2022,375491,22.66,0
403,1/2/2022,371070,22.66,0
404,1/1/2022,366649,22.66,0
405,12/31/2021,362228,22.66,0
406,12/30/2021,358503,22.66,0
407,12/29/2021,352645,22.66,0
408,12/28/2021,346789,22.66,0
409,12/27/2021,340933,22.66,0
410,12/26/2021,335077,22.66,0
411,12/25/2021,328986,22.66,0
412,12/24/2021,322895,22.66,0
413,12/23/2021,316804,22.66,0
414,12/22/2021,310713,22.66,0
415,12/21/2021,303624,22.66,0
416,12/20/2021,297750,22.66,0
417,12/19/2021,291878,22.66,0
418,12/18/2021,286006,22.66,0
419,12/17/2021,281926,22.66,0
420,12/16/2021,277847,22.66,0
421,12/15/2021,270108,22.66,0
422,12/14/2021,262369,22.66,0
423,12/13/2021,252476,22.66,0
424,12/12/2021,248741,22.66,0
425,12/11/2021,241337,22.66,0
426,12/10/2021,233933,22.66,0
427,12/9/2021,226529,22.66,0
428,12/8/2021,226257,22.66,0
429,12/7/2021,219613,22.66,0
430,12/6/2021,217892,22.66,0
431,12/5/2021,212167,22.66,0
432,12/4/2021,209357,22.66,0
433,12/3/2021,208784,22.66,0
434,12/2/2021,200750,22.66,0
435,12/1/2021,193715,22.66,0
436,11/30/2021,182382,22.66,0
437,11/29/2021,163845,22.66,0
438,11/28/2021,152129,22.66,0
439,11/27/2021,140414,22.66,0
440,11/26/2021,128699,22.66,0
441,11/25/2021,115637,22.66,0
442,11/24/2021,97896,22.66,0
443,11/23/2021,129401,22.66,0
444,11/22/2021,119095,22.66,0
445,11/21/2021,93848,22.66,1
446,11/20/2021,64748,22.66,1
447,11/19/2021,63375,22.66,1
448,11/18/2021,69934,22.66,1
449,11/17/2021,76493,22.66,1
450,11/16/2021,90802,22.66,1
451,11/15/2021,50097,22.66,2
452,11/14/2021,63588,22.56,1
453,11/13/2021,77078,22.46,1
454,11/12/2021,90568,22.36,1
455,11/11/2021,90568,22.26,1
456,11/10/2021,90568,22.16,1
457,11/9/2021,90568,22.06,1
458,11/8/2021,90568,22.06,1
459,11/7/2021,90568,22.06,1
460,11/6/2021,90568,22.06,1
461,11/5/2021,90568,22.06,1
462,11/4/2021,90568,22.06,1
463,11/3/2021,90568,22.06,1
464,11/2/2021,90568,22.06,1
465,11/1/2021,90568,22.06,1
466,10/31/2021,90568,22.06,1
467,10/30/2021,90568,22.06,1
468,10/29/2021,90568,22.06,1
469,10/28/2021,90568,22.06,1
470,10/27/2021,90568,22.06,1
471,10/26/2021,90568,22.06,1
472,10/25/2021,90568,22.06,1
473,10/24/2021,90568,22.06,1
474,10/23/2021,90568,22.06,1
475,10/22/2021,90568,22.06,1
476,10/21/2021,90568,22.06,1
477,10/20/2021,90568,22.06,1
478,10/19/2021,90568,22.06,1
479,10/18/2021,90568,22.06,1
480,10/17/2021,90568,22.06,1
481,10/16/2021,90568,22.06,1
482,10/15/2021,90568,22.06,1
483,10/14/2021,90568,22.06,1
484,10/13/2021,90568,22.06,1
485,10/12/2021,90568,22.06,1
486,10/11/2021,90568,22.06,1
487,10/10/2021,90568,22.06,1
488,10/9/2021,90568,22.06,1
489,10/8/2021,90568,22.06,1
490,10/7/2021,90568,22.06,1
491,10/6/2021,90568,22.06,1
492,10/5/2021,90568,22.06,1
493,10/4/2021,90568,22.06,1
494,10/3/2021,90568,22.06,1
495,10/2/2021,90568,22.06,1
496,10/1/2021,90568,22.06,1
497,9/30/2021,90568,22.06,1
498,9/29/2021,90568,22.06,1
