#,Date,Rank,Price,Sales
1,2/8/2023,1349,35.21,361
2,2/7/2023,1368,35.21,357
3,2/6/2023,1533,35.21,322
4,2/5/2023,2086,35.21,271
5,2/4/2023,1996,35.21,277
6,2/3/2023,1468,35.21,336
7,2/2/2023,1353,35.21,360
8,2/1/2023,1396,35.21,351
9,1/31/2023,1528,35.21,323
10,1/30/2023,1767,35.21,295
11,1/29/2023,2170,35.21,264
12,1/28/2023,1982,35.21,279
13,1/27/2023,1587,35.21,311
14,1/26/2023,1533,35.21,322
15,1/25/2023,1590,35.21,310
16,1/24/2023,1570,35.21,314
17,1/23/2023,1738,35.21,297
18,1/22/2023,2222,35.21,260
19,1/21/2023,2091,35.21,270
20,1/20/2023,1651,35.21,304
21,1/19/2023,1552,35.21,318
22,1/18/2023,1472,35.39,335
23,1/17/2023,1517,35.23,325
24,1/16/2023,1993,35.08,278
25,1/15/2023,2299,34.93,254
26,1/14/2023,1949,34.78,281
27,1/13/2023,1300,34.63,372
28,1/12/2023,1263,34.48,379
29,1/11/2023,1189,33.74,395
30,1/10/2023,1148,33.03,404
31,1/9/2023,1186,32.32,396
32,1/8/2023,1259,31.61,380
33,1/7/2023,1332,30.9,365
34,1/6/2023,1385,30.19,354
35,1/5/2023,1450,30.56,340
36,1/4/2023,1592,30.75,310
37,1/3/2023,1653,30.93,304
38,1/2/2023,2130,31.11,267
39,1/1/2023,2471,31.29,241
40,12/31/2022,2256,31.47,258
41,12/30/2022,1897,31.65,285
42,12/29/2022,1957,31.83,280
43,12/28/2022,1998,31.66,277
44,12/27/2022,2103,31.5,269
45,12/26/2022,2554,33.39,235
46,12/25/2022,2292,32.89,255
47,12/24/2022,1818,32.42,291
48,12/23/2022,1644,31.95,304
49,12/22/2022,1621,31.48,306
50,12/21/2022,1686,31.98,301
51,12/20/2022,1777,32.48,294
52,12/19/2022,2017,32.98,276
53,12/18/2022,2054,33.48,273
54,12/17/2022,2004,33.98,277
55,12/16/2022,1865,34.48,288
56,12/15/2022,1841,34.98,289
57,12/14/2022,1762,34.17,295
58,12/13/2022,1685,33.37,301
59,12/12/2022,1801,33.93,292
60,12/11/2022,2220,31.34,260
61,12/10/2022,2047,31.48,274
62,12/9/2022,1551,30.87,318
63,12/8/2022,1336,30.27,364
64,12/7/2022,1464,31.84,337
65,12/6/2022,1515,33.41,326
66,12/5/2022,1648,34.98,304
67,12/4/2022,2116,30.43,268
68,12/3/2022,1990,30.44,278
69,12/2/2022,1644,30.44,304
70,12/1/2022,1586,30.44,311
71,11/30/2022,1694,32.61,301
72,11/29/2022,1960,35,280
73,11/28/2022,2615,36.1,230
74,11/27/2022,3131,34.06,191
75,11/26/2022,3262,32.03,184
76,11/25/2022,3446,30,179
77,11/24/2022,2739,33.13,221
78,11/23/2022,1921,34.62,283
79,11/22/2022,1706,36.1,300
80,11/21/2022,1752,36.05,296
81,11/20/2022,2238,36.02,259
82,11/19/2022,1852,35.99,289
83,11/18/2022,1503,35.96,328
84,11/17/2022,1387,35.93,353
85,11/16/2022,1368,35.9,357
86,11/15/2022,1563,35.87,316
87,11/14/2022,1794,35.84,293
88,11/13/2022,2201,35.81,262
89,11/12/2022,2355,35.78,250
90,11/11/2022,2413,35.75,246
91,11/10/2022,2509,35.72,238
92,11/9/2022,2360,35.69,250
93,11/8/2022,2541,35.66,236
94,11/7/2022,2542,35.63,236
95,11/6/2022,3638,35.6,174
96,11/5/2022,3120,35.57,191
97,11/4/2022,2454,35.54,242
98,11/3/2022,1881,35.51,286
99,11/2/2022,1535,35.48,322
100,11/1/2022,1493,35.45,331
101,10/31/2022,1637,35.42,305
102,10/30/2022,2005,35.39,277
103,10/29/2022,1944,35.01,281
104,10/28/2022,1428,34.95,344
105,10/27/2022,1287,34.89,374
106,10/26/2022,1304,34.83,371
107,10/25/2022,1339,34.77,363
108,10/24/2022,1429,34.85,344
109,10/23/2022,1831,34.93,290
110,10/22/2022,1724,35.01,298
111,10/21/2022,1348,35.09,361
112,10/20/2022,1253,35.17,382
113,10/19/2022,1325,35.12,366
114,10/18/2022,1362,35.1,358
115,10/17/2022,1408,35.08,349
116,10/16/2022,1958,35.06,280
117,10/15/2022,1882,35.04,286
118,10/14/2022,1424,34.65,345
119,10/13/2022,1371,34.26,356
120,10/12/2022,1629,33.17,306
121,10/11/2022,1666,33.18,303
122,10/10/2022,1476,33.18,334
123,10/9/2022,1783,33.18,294
124,10/8/2022,1614,33.18,307
125,10/7/2022,1301,33.18,371
126,10/6/2022,1162,33.18,401
127,10/5/2022,1081,31.59,418
128,10/4/2022,1082,31.94,418
129,10/3/2022,1121,32.28,410
130,10/2/2022,1461,31.88,337
131,10/1/2022,1047,31.5,425
132,9/30/2022,840,31.12,469
133,9/29/2022,823,30.74,473
134,9/28/2022,815,30.71,475
135,9/27/2022,876,28.1,462
136,9/26/2022,899,27.8,457
137,9/25/2022,1180,27.56,397
138,9/24/2022,1152,27.32,403
139,9/23/2022,933,27.08,450
140,9/22/2022,888,26.84,459
141,9/21/2022,915,26.6,453
142,9/20/2022,937,26.36,449
143,9/19/2022,960,28.26,444
144,9/18/2022,1405,28.71,349
145,9/17/2022,1330,29.13,365
146,9/16/2022,1056,29.55,423
147,9/15/2022,1187,29.97,396
148,9/14/2022,1085,33.86,417
149,9/13/2022,1127,32.41,408
150,9/12/2022,1210,30.97,391
151,9/11/2022,1498,29.53,330
152,9/10/2022,1412,33.3,348
153,9/9/2022,1039,33.24,427
154,9/8/2022,931,33.22,450
155,9/7/2022,945,33.2,447
156,9/6/2022,995,33.18,436
157,9/5/2022,1586,33.16,311
158,9/4/2022,1577,33.14,313
159,9/3/2022,1287,33.11,374
160,9/2/2022,992,33.1,437
161,9/1/2022,895,33.09,458
162,8/31/2022,925,33.08,451
163,8/30/2022,955,33.07,445
164,8/29/2022,1251,33.06,382
165,8/28/2022,1814,33.05,291
166,8/27/2022,1615,33.04,307
167,8/26/2022,1249,33.03,382
168,8/25/2022,1235,33.02,385
169,8/24/2022,1225,33.01,388
170,8/23/2022,1245,33,383
171,8/22/2022,1310,32.99,369
172,8/21/2022,1651,32.98,304
173,8/20/2022,1497,32.97,330
174,8/19/2022,1189,33.1,395
175,8/18/2022,1146,33.23,404
176,8/17/2022,1072,33.31,420
177,8/16/2022,1120,33.23,410
178,8/15/2022,1064,33.25,422
179,8/14/2022,1393,33.27,352
180,8/13/2022,1197,33.29,393
181,8/12/2022,913,33.31,454
182,8/11/2022,824,33.27,473
183,8/10/2022,827,33.24,472
184,8/9/2022,815,33.23,475
185,8/8/2022,865,30.42,464
186,8/7/2022,1186,27.63,396
187,8/6/2022,1101,24.84,414
188,8/5/2022,838,22.05,470
189,8/4/2022,763,19.26,498
190,8/3/2022,740,16.47,511
191,8/2/2022,814,16.53,475
192,8/1/2022,988,16.58,438
193,7/31/2022,1304,16.63,371
194,7/30/2022,1099,16.68,414
195,7/29/2022,915,16.73,453
196,7/28/2022,910,16.78,454
197,7/27/2022,949,16.83,446
198,7/26/2022,976,16.88,440
199,7/25/2022,958,16.93,444
200,7/24/2022,924,16.97,452
201,7/23/2022,926,17.01,451
202,7/22/2022,954,17.05,445
203,7/21/2022,1020,17.09,431
204,7/20/2022,1043,17.13,426
205,7/19/2022,1162,17.17,401
206,7/18/2022,1496,17.21,330
207,7/17/2022,1706,17.25,300
208,7/16/2022,1607,17.29,307
209,7/15/2022,1662,17.38,303
210,7/14/2022,1935,17.42,282
211,7/13/2022,2128,17.46,267
212,7/12/2022,2042,17.5,274
213,7/11/2022,1746,17.54,297
214,7/10/2022,2056,17.58,273
215,7/9/2022,1901,17.62,285
216,7/8/2022,1506,17.66,328
217,7/7/2022,1428,17.7,344
218,7/6/2022,1441,17.76,342
219,7/5/2022,1512,17.81,327
220,7/4/2022,1977,17.86,279
221,7/3/2022,1950,17.91,281
222,7/2/2022,1689,17.96,301
223,7/1/2022,1285,18.01,375
224,6/30/2022,1229,18.06,387
225,6/29/2022,1330,18.11,365
226,6/28/2022,1399,20.79,351
227,6/27/2022,1515,23.46,326
228,6/26/2022,2052,28.53,273
229,6/25/2022,1840,28.14,289
230,6/24/2022,1427,27.76,345
231,6/23/2022,1302,27.38,371
232,6/22/2022,1412,27,348
233,6/21/2022,1394,26.62,352
234,6/20/2022,1566,26.85,315
235,6/19/2022,3057,27.07,196
236,6/18/2022,3936,27.72,166
237,6/17/2022,2703,27.5,223
238,6/16/2022,2585,27.3,232
239,6/15/2022,2765,27.1,219
240,6/14/2022,2828,26.9,214
241,6/13/2022,3105,26.7,193
242,6/12/2022,4929,26.5,141
243,6/11/2022,4375,26.3,155
244,6/10/2022,3236,26.1,184
245,6/9/2022,2895,25.9,209
246,6/8/2022,3164,25.7,188
247,6/7/2022,3420,25.5,180
248,6/6/2022,4237,25.3,158
249,6/5/2022,7248,25.1,85
250,6/4/2022,6474,29.39,101
251,6/3/2022,4353,33.67,155
252,6/2/2022,3695,32.51,172
253,6/1/2022,3430,32.22,179
254,5/31/2022,3688,32.33,173
255,5/30/2022,4849,34.54,143
256,5/29/2022,4567,32.94,150
257,5/28/2022,3916,31.35,167
258,5/27/2022,2742,29.76,220
259,5/26/2022,2573,28.17,233
260,5/25/2022,2509,26.58,238
261,5/24/2022,2531,26.6,237
262,5/23/2022,3234,26.61,184
263,5/22/2022,4582,25.93,150
264,5/21/2022,4920,25.74,141
265,5/20/2022,3679,25.68,173
266,5/19/2022,3487,25.55,178
267,5/18/2022,3475,25.4,178
268,5/17/2022,3339,25.35,182
269,5/16/2022,4087,23.37,162
270,5/15/2022,5578,23.71,124
271,5/14/2022,4868,24.04,142
272,5/13/2022,3665,24.37,173
273,5/12/2022,3723,24.7,172
274,5/11/2022,3943,24.75,166
275,5/10/2022,4340,24.8,156
276,5/9/2022,4720,24.85,146
277,5/8/2022,6659,24.9,97
278,5/7/2022,6851,24.95,93
279,5/6/2022,5591,25,124
280,5/5/2022,6301,25.05,105
281,5/4/2022,6623,25.1,98
282,5/3/2022,6962,22,91
283,5/2/2022,8098,25.1,67
284,5/1/2022,21711,23.06,29
285,4/30/2022,23193,24.15,27
286,4/29/2022,20647,25.22,31
287,4/28/2022,19461,26.29,33
288,4/27/2022,17853,27.36,37
289,4/26/2022,19107,25.15,34
290,4/25/2022,21037,22.94,30
291,4/24/2022,19312,19.9,33
292,4/23/2022,19001,19.73,34
293,4/22/2022,16630,19.79,40
294,4/21/2022,16060,19.75,41
295,4/20/2022,15269,19.88,44
296,4/19/2022,14127,19.93,47
297,4/18/2022,15300,19.94,44
298,4/17/2022,16843,19.95,39
299,4/16/2022,16458,19.95,40
300,4/15/2022,16013,19.95,42
301,4/14/2022,13664,19.95,49
302,4/13/2022,13731,20,49
303,4/12/2022,13753,20.34,49
304,4/11/2022,13934,20.66,48
305,4/10/2022,13396,20.98,50
306,4/9/2022,11032,22,48
307,4/8/2022,6766,22.84,95
308,4/7/2022,5277,23.87,132
309,4/6/2022,5345,23.88,130
310,4/5/2022,5498,23.86,126
311,4/4/2022,5987,23.82,113
312,4/3/2022,7955,23.87,70
313,4/2/2022,8949,23.92,55
314,4/1/2022,7070,23.99,88
315,3/31/2022,6957,24,91
316,3/30/2022,6016,24.1,113
317,3/29/2022,6197,24.2,108
318,3/28/2022,7085,24.25,88
319,3/27/2022,9636,24.36,52
320,3/26/2022,8979,24.37,55
321,3/25/2022,7304,24.38,83
322,3/24/2022,6274,24.71,106
323,3/23/2022,6065,26.13,111
324,3/22/2022,6551,27.55,99
325,3/21/2022,9194,28.68,54
326,3/20/2022,15931,28.61,42
327,3/19/2022,15320,28.18,44
328,3/18/2022,12392,27.75,53
329,3/17/2022,9919,27.32,50
330,3/16/2022,7174,26.89,86
331,3/15/2022,5445,26.46,127
332,3/14/2022,5742,26.85,120
333,3/13/2022,7682,26.99,75
334,3/12/2022,6936,27.99,91
335,3/11/2022,4877,28.99,142
336,3/10/2022,4746,27.97,145
337,3/9/2022,4893,28.48,142
338,3/8/2022,5209,28.99,133
339,3/7/2022,5603,26.49,123
340,3/6/2022,7627,26.91,77
341,3/5/2022,6180,27.31,108
342,3/4/2022,4484,27.71,152
343,3/3/2022,4207,28.11,159
344,3/2/2022,4532,28.51,151
345,3/1/2022,4835,28.91,143
346,2/28/2022,6051,29.5,112
347,2/27/2022,7864,29.68,72
348,2/26/2022,7083,29.84,88
349,2/25/2022,5004,30,139
350,2/24/2022,4521,29.5,151
351,2/23/2022,5554,28.75,124
352,2/22/2022,5309,28,131
353,2/21/2022,5512,26.99,126
354,2/20/2022,6228,27,107
355,2/19/2022,5786,27.5,118
356,2/18/2022,4474,27.98,152
357,2/17/2022,4345,27.99,156
358,2/16/2022,3966,28.49,165
359,2/15/2022,4341,28.5,156
360,2/14/2022,4997,28.17,139
361,2/13/2022,7421,27.86,81
362,2/12/2022,6363,27.55,104
363,2/11/2022,4845,27.7,143
364,2/10/2022,4193,27.81,160
365,2/9/2022,4717,27.92,146
366,2/8/2022,5340,28.03,130
367,2/7/2022,5480,28.14,126
368,2/6/2022,6891,28.25,92
369,2/5/2022,6651,28.36,97
370,2/4/2022,4647,28.47,148
371,2/3/2022,4187,28.58,160
372,2/2/2022,4289,21.14,157
373,2/1/2022,4760,15.91,145
374,1/31/2022,5374,16.74,129
375,1/30/2022,4728,16.99,146
376,1/29/2022,3956,17.66,166
377,1/28/2022,3877,18.23,168
378,1/27/2022,3972,18.8,165
379,1/26/2022,3940,19.37,166
380,1/25/2022,4235,19.94,159
381,1/24/2022,4885,20.51,142
382,1/23/2022,4666,21.08,147
383,1/22/2022,4700,21.65,147
384,1/21/2022,4159,22.22,161
385,1/20/2022,4120,22.79,162
386,1/19/2022,4991,23.36,139
387,1/18/2022,6237,23.93,107
388,1/17/2022,13469,24.5,50
389,1/16/2022,11476,23.46,50
390,1/15/2022,8955,22.43,55
391,1/14/2022,7913,21.98,70
392,1/13/2022,7659,22.19,76
393,1/12/2022,8268,22.39,63
394,1/11/2022,9092,22.59,55
395,1/10/2022,8922,23.73,56
396,1/9/2022,7747,24.86,74
397,1/8/2022,6586,25.99,99
398,1/7/2022,5116,26.08,136
399,1/6/2022,3557,26.17,176
400,1/5/2022,2098,29.28,270
401,1/4/2022,2318,30,253
402,1/3/2022,2654,29.74,227
403,1/2/2022,3491,29.59,178
404,1/1/2022,2820,29.44,214
405,12/31/2021,2150,29.29,266
406,12/30/2021,1836,29.14,290
407,12/29/2021,1931,28.99,282
408,12/28/2021,1872,28.84,287
409,12/27/2021,2335,28.69,252
410,12/26/2021,4090,28.54,162
411,12/25/2021,3773,28.39,170
412,12/24/2021,2759,28.24,219
413,12/23/2021,2348,28.09,251
414,12/22/2021,2026,27.94,275
415,12/21/2021,2073,27.29,272
416,12/20/2021,2444,26.64,243
417,12/19/2021,3164,25.99,188
418,12/18/2021,2687,26.73,225
419,12/17/2021,2224,27.44,260
420,12/16/2021,2039,28.15,274
421,12/15/2021,2041,28.86,274
422,12/14/2021,2416,28.65,245
423,12/13/2021,2785,28.47,217
424,12/12/2021,3278,28.29,183
425,12/11/2021,2639,28.11,228
426,12/10/2021,2167,27.93,264
427,12/9/2021,2198,27.75,262
428,12/8/2021,2045,27.57,274
429,12/7/2021,2873,27.39,210
430,12/6/2021,3345,27.21,182
431,12/5/2021,5160,27.03,135
432,12/4/2021,4216,26.85,159
433,12/3/2021,2556,26.67,235
434,12/2/2021,2525,26.49,237
435,12/1/2021,2877,26.31,210
436,11/30/2021,3392,26.13,180
437,11/29/2021,4430,25.95,154
438,11/28/2021,5773,24.76,119
439,11/27/2021,5656,25.85,122
440,11/26/2021,5236,26.92,133
441,11/25/2021,5237,27.99,133
442,11/24/2021,3826,29,169
443,11/23/2021,3271,30,183
444,11/22/2021,4325,27.99,156
445,11/21/2021,5570,29.05,124
446,11/20/2021,4386,29.28,155
447,11/19/2021,3148,29.52,189
448,11/18/2021,3244,29.76,184
449,11/17/2021,3486,30,178
450,11/16/2021,3031,30.15,198
451,11/15/2021,3343,30.27,182
452,11/14/2021,4801,30.39,144
453,11/13/2021,4174,30.51,160
454,11/12/2021,3050,30.63,197
455,11/11/2021,2877,30.75,210
456,11/10/2021,2862,30.87,211
457,11/9/2021,3285,30.5,183
458,11/8/2021,3579,30.14,175
459,11/7/2021,4470,30.71,152
460,11/6/2021,3932,30,166
461,11/5/2021,2812,30.99,215
462,11/4/2021,2449,27.49,243
463,11/3/2021,2495,30.12,239
464,11/2/2021,2270,30.56,257
465,11/1/2021,2948,30.99,205
466,10/31/2021,4374,31.06,155
467,10/30/2021,3781,31.12,170
468,10/29/2021,2986,31.18,202
469,10/28/2021,2741,30.08,220
470,10/27/2021,2893,28.99,209
471,10/26/2021,2600,29.21,231
472,10/25/2021,3043,28.6,197
473,10/24/2021,4972,27.99,140
474,10/23/2021,3960,20.47,166
475,10/22/2021,2867,26.47,211
476,10/21/2021,2633,27.8,229
477,10/20/2021,2362,27.8,249
478,10/19/2021,2228,27.8,260
479,10/18/2021,2543,27.47,236
480,10/17/2021,3925,27.14,167
481,10/16/2021,3689,26.95,173
482,10/15/2021,2682,26.77,225
483,10/14/2021,2531,28.39,237
484,10/13/2021,2524,28.99,237
485,10/12/2021,2317,29.05,253
486,10/11/2021,2883,28.15,210
487,10/10/2021,3913,28.46,167
488,10/9/2021,3313,28.86,182
489,10/8/2021,2388,29.73,247
490,10/7/2021,2045,34.21,274
491,10/6/2021,2047,34.24,274
492,10/5/2021,2071,35.36,272
493,10/4/2021,2450,33.08,243
494,10/3/2021,3251,30.91,184
495,10/2/2021,2739,35.18,221
496,10/1/2021,1987,35.27,278
497,9/30/2021,1633,35.35,305
498,9/29/2021,1632,34.72,305
499,9/28/2021,1516,34.14,326
500,9/27/2021,1663,33.56,303
501,9/26/2021,2538,32.98,236
502,9/25/2021,2237,32.4,259
503,9/24/2021,1646,31.82,304
504,9/23/2021,1548,31.24,319
505,9/22/2021,1418,30.66,347
506,9/21/2021,1384,30.08,354
507,9/20/2021,1372,29.85,356
508,9/19/2021,2023,29.67,275
509,9/18/2021,1566,29.49,315
510,9/17/2021,1164,29.31,401
511,9/16/2021,1054,29.13,424
512,9/15/2021,1167,28.95,400
513,9/14/2021,1096,28.21,415
514,9/13/2021,1064,27.11,422
515,9/12/2021,1621,26.02,306
516,9/11/2021,1526,25.88,324
517,9/10/2021,1001,27.81,435
518,9/9/2021,930,28.27,450
519,9/8/2021,1087,27.81,417
520,9/7/2021,1298,27.37,372
521,9/6/2021,1970,26.93,279
522,9/5/2021,1894,26.49,285
523,9/4/2021,1516,26.15,326
524,9/3/2021,991,25.82,437
525,9/2/2021,781,25.49,488
526,9/1/2021,811,26.49,476
527,8/31/2021,863,26.18,464
528,8/30/2021,1117,25.89,410
529,8/29/2021,1600,25.6,308
530,8/28/2021,1325,26.99,366
531,8/27/2021,1010,27.21,433
532,8/26/2021,899,27.42,457
533,8/25/2021,874,27.63,462
534,8/24/2021,904,27.84,456
535,8/23/2021,1086,26.43,417
536,8/22/2021,1659,25.02,303
537,8/21/2021,1730,22.63,298
538,8/20/2021,1430,20.25,344
539,8/19/2021,1257,19.81,381
540,8/18/2021,1215,19.4,390
541,8/17/2021,1112,18.99,412
542,8/16/2021,929,18.58,450
543,8/15/2021,996,18.17,436
544,8/14/2021,815,18.7,475
545,8/13/2021,549,19.22,615
546,8/12/2021,485,19.74,650
547,8/11/2021,519,20.26,631
548,8/10/2021,521,20.27,630
549,8/9/2021,494,20.27,645
550,8/8/2021,1517,20.27,325
551,8/7/2021,1026,26.7,430
552,8/6/2021,519,28.26,631
553,8/5/2021,397,26.98,700
554,8/4/2021,503,17.27,640
555,8/3/2021,518,14.04,632
556,8/2/2021,390,11.28,710
557,8/1/2021,489,10.99,648
558,7/31/2021,698,11.17,534
559,7/30/2021,651,12.96,559
560,7/29/2021,816,15.1,474
561,7/28/2021,1169,17.94,399
562,7/27/2021,1549,23.91,319
563,7/26/2021,2048,23.15,274
564,7/25/2021,3179,23.91,187
565,7/24/2021,3114,30.5,192
566,7/23/2021,1976,30.76,279
567,7/22/2021,1873,31.01,287
568,7/21/2021,1718,32.99,299
569,7/20/2021,1730,28.75,298
570,7/19/2021,2230,32.83,260
571,7/18/2021,4146,29.33,161
572,7/17/2021,3735,33.72,171
573,7/16/2021,2475,31.8,241
574,7/15/2021,2559,29.89,234
575,7/14/2021,2880,31.63,210
576,7/13/2021,2871,33.37,210
577,7/12/2021,2548,33.21,235
578,7/11/2021,3962,31.55,166
579,7/10/2021,3780,29.91,170
580,7/9/2021,2834,28.27,213
581,7/8/2021,2570,26.63,234
582,7/7/2021,1936,24.99,282
583,7/6/2021,3401,17.88,180
584,7/5/2021,3691,21.14,173
585,7/4/2021,4549,24.39,150
586,7/3/2021,4697,24.99,147
587,7/2/2021,3363,19.99,181
588,7/1/2021,2884,20.19,209
589,6/30/2021,2997,20.39,201
590,6/29/2021,3276,20.59,183
591,6/28/2021,3319,20.79,182
592,6/27/2021,3410,22.42,180
593,6/26/2021,3702,21.78,172
594,6/25/2021,3017,23.39,199
595,6/24/2021,2656,24.99,227
596,6/23/2021,3474,23.83,178
597,6/22/2021,3852,24.04,168
598,6/21/2021,4269,24.23,158
599,6/20/2021,4837,24.42,143
600,6/19/2021,4085,24.61,162
601,6/18/2021,2679,24.8,225
602,6/17/2021,1908,24.99,284
603,6/16/2021,2777,17.88,218
604,6/15/2021,2928,22.41,206
605,6/14/2021,3399,26.93,180
606,6/13/2021,5081,33.26,137
607,6/12/2021,4005,39.59,164
608,6/11/2021,2471,38.31,241
609,6/10/2021,1802,36.59,292
610,6/9/2021,1831,19.99,290
611,6/8/2021,1603,24.46,308
612,6/7/2021,2251,24.45,258
613,6/6/2021,2758,22.95,219
614,6/5/2021,2237,21.47,259
615,6/4/2021,1273,19.99,377
616,6/3/2021,1750,15.32,296
617,6/2/2021,2044,19.99,274
618,6/1/2021,2013,21.76,276
619,5/31/2021,1952,23.53,281
620,5/30/2021,2658,17.4,227
621,5/29/2021,2624,17.64,229
622,5/28/2021,1991,17.66,278
623,5/27/2021,1683,25.04,301
624,5/26/2021,2169,25.96,264
625,5/25/2021,1505,33.01,328
626,5/24/2021,4385,15.32,155
627,5/23/2021,6202,27.66,108
628,5/22/2021,5762,40,119
629,5/21/2021,4099,39.49,162
630,5/20/2021,3687,38.99,173
631,5/19/2021,3673,38.83,173
632,5/18/2021,3682,38.72,173
633,5/17/2021,3868,38.61,168
634,5/16/2021,5154,38.5,135
635,5/15/2021,4296,38.39,157
636,5/14/2021,2649,38.28,227
637,5/13/2021,2081,38.17,271
638,5/12/2021,1578,38.06,312
639,5/11/2021,870,37.95,463
640,5/10/2021,1768,24.9,295
641,5/9/2021,1290,37.42,374
642,5/8/2021,3172,27.56,187
643,5/7/2021,2750,35.99,220
644,5/6/2021,2129,40,267
645,5/5/2021,2392,34.25,247
646,5/4/2021,1992,40,278
647,5/3/2021,2471,35.36,241
648,5/2/2021,4785,30.73,144
649,5/1/2021,4487,33.14,152
650,4/30/2021,3269,35.54,184
651,4/29/2021,3270,37.94,183
652,4/28/2021,2924,37.41,206
653,4/27/2021,3007,40,200
654,4/26/2021,3580,35.88,175
655,4/25/2021,5064,38.19,137
656,4/24/2021,4685,38.28,147
657,4/23/2021,3644,38.64,174
658,4/22/2021,3211,38.98,185
659,4/21/2021,3167,39.32,188
660,4/20/2021,3426,39.66,179
661,4/19/2021,2819,40,214
662,4/18/2021,4345,35.88,156
663,4/17/2021,3445,38.35,179
664,4/16/2021,2466,37.98,241
665,4/15/2021,2676,35.88,225
666,4/14/2021,2110,40,269
667,4/13/2021,1986,33.73,278
668,4/12/2021,2537,31.88,236
669,4/11/2021,3732,33.22,172
670,4/10/2021,4314,34.55,157
671,4/9/2021,3928,35.88,166
672,4/8/2021,2839,40,213
673,4/7/2021,2542,38.33,236
674,4/6/2021,2373,36.66,249
675,4/5/2021,2647,34.99,228
676,4/4/2021,3676,34.97,173
677,4/3/2021,3162,34.96,188
678,4/2/2021,2507,34.95,238
679,4/1/2021,1928,34.94,283
680,3/31/2021,1913,32.38,284
681,3/30/2021,2333,29.83,252
682,3/29/2021,2641,30.75,228
683,3/28/2021,3452,31.65,179
684,3/27/2021,3010,32.55,200
685,3/26/2021,1936,34.99,282
686,3/25/2021,1990,29.83,278
687,3/24/2021,1994,33.97,278
688,3/23/2021,2089,34.47,270
689,3/22/2021,2157,34.94,265
690,3/21/2021,3216,35.41,185
691,3/20/2021,2661,35.88,227
692,3/19/2021,2096,29.83,270
693,3/18/2021,2130,31.83,267
694,3/17/2021,2050,33.82,273
695,3/16/2021,2152,34.13,266
696,3/15/2021,2103,34.38,269
697,3/14/2021,2802,34.63,216
698,3/13/2021,2725,34.88,222
699,3/12/2021,1802,35.13,292
700,3/11/2021,1596,35.38,309
701,3/10/2021,1502,35.63,329
702,3/9/2021,1328,35.88,366
703,3/8/2021,1667,29.83,303
704,3/7/2021,2441,31.04,243
705,3/6/2021,2241,32.25,259
706,3/5/2021,1528,33.46,323
707,3/4/2021,1409,34.67,348
708,3/3/2021,1305,35.88,371
709,3/2/2021,1478,29.83,334
710,3/1/2021,1808,30.52,292
711,2/28/2021,2546,31.19,235
712,2/27/2021,2390,31.86,247
713,2/26/2021,1644,32.53,304
714,2/25/2021,1503,33.2,328
715,2/24/2021,1333,33.87,365
716,2/23/2021,1415,34.54,347
717,2/22/2021,1647,35.21,304
718,2/21/2021,1644,35.88,304
719,2/20/2021,1598,34.93,308
720,2/19/2021,1145,33.98,405
721,2/18/2021,1182,33.03,397
722,2/17/2021,1320,32.08,367
723,2/16/2021,1454,31.13,339
724,2/15/2021,1763,30.18,295
725,2/14/2021,2198,29.23,262
726,2/13/2021,2125,28.28,268
727,2/12/2021,1779,28.67,294
728,2/11/2021,1940,29.04,282
729,2/10/2021,3215,29.41,185
