#,Date,Rank,Price,Sales
406,1/1/2022,4,30.99,392
41,1/1/2023,11,23.49,284
397,1/10/2022,9,37.63,300
32,1/10/2023,7,23.49,326
396,1/11/2022,7,37.51,326
31,1/11/2023,6,23.49,339
395,1/12/2022,5,37.39,352
30,1/12/2023,8,23.49,313
394,1/13/2022,5,37.27,352
29,1/13/2023,11,23.49,284
393,1/14/2022,4,37.15,392
28,1/14/2023,14,23.49,274
392,1/15/2022,5,36.99,352
27,1/15/2023,16,23.49,268
391,1/16/2022,6,35.99,339
26,1/16/2023,14,23.49,274
390,1/17/2022,6,36.99,339
25,1/17/2023,15,23.49,271
389,1/18/2022,11,36.99,284
24,1/18/2023,21,23.49,251
388,1/19/2022,13,36.83,277
23,1/19/2023,18,23.49,261
405,1/2/2022,5,32.99,352
40,1/2/2023,9,23.49,300
387,1/20/2022,15,36.67,271
22,1/20/2023,17,23.49,264
386,1/21/2022,18,36.51,261
21,1/21/2023,19,23.49,258
385,1/22/2022,20,36.35,254
20,1/22/2023,19,23.49,258
384,1/23/2022,21,36.19,251
19,1/23/2023,19,23.49,258
383,1/24/2022,20,35.99,254
18,1/24/2023,16,23.49,268
382,1/25/2022,17,35.89,264
17,1/25/2023,16,23.49,268
381,1/26/2022,15,35.79,271
16,1/26/2023,39,23.49,192
380,1/27/2022,15,35.69,271
15,1/27/2023,66,23.49,141
379,1/28/2022,19,35.56,258
14,1/28/2023,50,23.49,155
378,1/29/2022,21,36.27,251
13,1/29/2023,59,23.49,147
404,1/3/2022,7,34.99,326
39,1/3/2023,8,23.49,313
377,1/30/2022,23,36.99,244
12,1/30/2023,50,23.49,155
376,1/31/2022,23,37.99,244
11,1/31/2023,49,23.49,159
403,1/4/2022,12,35.49,281
38,1/4/2023,7,23.49,326
402,1/5/2022,16,35.99,268
37,1/5/2023,8,23.49,313
401,1/6/2022,15,36.99,271
36,1/6/2023,8,23.49,313
400,1/7/2022,9,37.99,300
35,1/7/2023,8,23.49,313
399,1/8/2022,14,37.87,274
34,1/8/2023,8,23.49,313
398,1/9/2022,12,37.75,281
33,1/9/2023,7,23.49,326
499,10/1/2021,25,34.11,238
134,10/1/2022,10,17.69,287
490,10/10/2021,18,34.99,261
125,10/10/2022,13,17.15,277
489,10/11/2021,30,34.99,221
124,10/11/2022,15,17.09,271
488,10/12/2021,21,34.74,251
123,10/12/2022,21,16.99,251
487,10/13/2021,11,34.49,284
122,10/13/2022,17,17.99,264
486,10/14/2021,13,34.24,277
121,10/14/2022,14,18.41,274
485,10/15/2021,14,33.99,274
120,10/15/2022,12,18.83,281
484,10/16/2021,18,33.31,261
119,10/16/2022,11,19.25,284
483,10/17/2021,23,32.63,244
118,10/17/2022,11,19.67,284
482,10/18/2021,16,31.95,268
117,10/18/2022,10,20.09,287
481,10/19/2021,15,29.99,271
116,10/19/2022,11,20.51,284
498,10/2/2021,14,34.23,274
133,10/2/2022,11,17.63,284
480,10/20/2021,15,29.71,271
115,10/20/2022,12,20.93,281
479,10/21/2021,14,29.43,274
114,10/21/2022,9,21.35,300
478,10/22/2021,16,29.15,268
113,10/22/2022,10,21.77,287
477,10/23/2021,18,28.87,261
112,10/23/2022,12,22.19,281
476,10/24/2021,63,28.59,144
111,10/24/2022,12,22.61,281
475,10/25/2021,22,28.31,248
110,10/25/2022,13,23.03,277
474,10/26/2021,30,27.99,221
109,10/26/2022,12,23.45,281
473,10/27/2021,50,28.49,155
108,10/27/2022,11,23.87,284
472,10/28/2021,53,28.99,153
107,10/28/2022,11,24.29,284
471,10/29/2021,33,29.49,211
106,10/29/2022,11,24.71,284
497,10/3/2021,15,34.35,271
132,10/3/2022,11,17.57,284
470,10/30/2021,18,29.99,261
105,10/30/2022,11,25.13,284
469,10/31/2021,21,29.11,251
104,10/31/2022,10,25.55,287
496,10/4/2021,19,34.47,258
131,10/4/2022,11,17.51,284
495,10/5/2021,15,34.59,271
130,10/5/2022,10,17.45,287
494,10/6/2021,10,34.71,287
129,10/6/2022,11,17.39,284
493,10/7/2021,11,34.83,284
128,10/7/2022,12,17.33,281
492,10/8/2021,10,34.99,287
127,10/8/2022,12,17.27,281
491,10/9/2021,14,34.99,274
126,10/9/2022,13,17.21,277
468,11/1/2021,23,28.23,244
103,11/1/2022,10,25.97,287
458,11/10/2021,26,24.29,235
93,11/10/2022,4,29.72,392
457,11/11/2021,17,23.99,264
92,11/11/2022,5,29.45,352
456,11/12/2021,12,24.64,281
91,11/12/2022,4,29.18,392
455,11/13/2021,12,24.73,281
90,11/13/2022,4,28.91,392
454,11/14/2021,11,24.83,284
89,11/14/2022,5,28.64,352
453,11/15/2021,6,24.9,339
88,11/15/2022,6,26.7,339
452,11/16/2021,7,24.93,326
87,11/16/2022,7,24.76,326
451,11/17/2021,9,25.22,300
86,11/17/2022,8,22.82,313
450,11/18/2021,11,25.51,284
85,11/18/2022,9,20.88,300
449,11/19/2021,9,25.8,300
84,11/19/2022,11,18.94,284
467,11/2/2021,20,26.99,254
102,11/2/2022,9,26.39,300
448,11/20/2021,10,26.09,287
83,11/20/2022,9,16.99,300
447,11/21/2021,9,26.38,300
82,11/21/2022,4,18.56,392
446,11/22/2021,9,26.67,300
81,11/22/2022,4,20.13,392
445,11/23/2021,9,26.99,300
80,11/23/2022,4,21.7,392
444,11/24/2021,15,24.99,271
79,11/24/2022,6,23.27,339
443,11/25/2021,31,25.39,218
78,11/25/2022,8,24.84,313
442,11/26/2021,59,25.79,147
77,11/26/2022,11,26.41,284
441,11/27/2021,51,26.19,154
76,11/27/2022,10,27.99,287
440,11/28/2021,43,26.59,178
75,11/28/2022,13,26.99,277
439,11/29/2021,43,26.99,178
74,11/29/2022,14,24.99,274
466,11/3/2021,23,26.69,244
101,11/3/2022,10,26.81,287
438,11/30/2021,43,27.32,178
73,11/30/2022,13,22.99,277
465,11/4/2021,7,26.39,326
100,11/4/2022,9,27.23,300
464,11/5/2021,10,26.09,287
99,11/5/2022,6,27.65,339
463,11/6/2021,14,25.79,274
97,11/6/2022,6,28.49,339
98,11/6/2022,6,28.07,339
461,11/7/2021,19,25.19,258
462,11/7/2021,16,25.49,268
96,11/7/2022,7,28.91,326
460,11/8/2021,30,24.89,221
95,11/8/2022,5,29.33,352
459,11/9/2021,28,24.59,228
94,11/9/2022,5,29.99,352
437,12/1/2021,43,27.65,178
72,12/1/2022,14,19.99,274
428,12/10/2021,43,28.47,178
63,12/10/2022,10,26.81,287
427,12/11/2021,43,28.53,178
62,12/11/2022,10,26.62,287
426,12/12/2021,43,28.59,178
61,12/12/2022,10,26.43,287
425,12/13/2021,43,28.65,178
60,12/13/2022,10,26.24,287
424,12/14/2021,43,28.71,178
59,12/14/2022,10,26.05,287
423,12/15/2021,43,28.77,178
58,12/15/2022,14,25.86,274
422,12/16/2021,43,28.83,178
57,12/16/2022,14,25.67,274
421,12/17/2021,43,28.89,178
56,12/17/2022,14,25.4,274
420,12/18/2021,43,28.95,178
55,12/18/2022,13,17.2,277
419,12/19/2021,43,29.01,178
54,12/19/2022,13,19.02,277
436,12/2/2021,43,27.99,178
71,12/2/2022,16,18.99,268
418,12/20/2021,43,29.07,178
53,12/20/2022,11,20.84,284
417,12/21/2021,43,29.13,178
52,12/21/2022,10,22.66,287
416,12/22/2021,43,29.19,178
51,12/22/2022,9,24.48,300
415,12/23/2021,47,29.25,165
50,12/23/2022,10,26.3,287
414,12/24/2021,55,29.31,151
49,12/24/2022,11,28.12,284
413,12/25/2021,94,29.37,116
48,12/25/2022,12,29.99,281
412,12/26/2021,77,29.43,131
47,12/26/2022,12,28.91,281
411,12/27/2021,51,29.49,154
46,12/27/2022,10,27.83,287
410,12/28/2021,22,29.55,248
45,12/28/2022,8,26.75,313
409,12/29/2021,19,29.61,258
44,12/29/2022,7,25.67,326
435,12/3/2021,43,28.05,178
70,12/3/2022,19,20.32,258
408,12/30/2021,7,29.67,326
43,12/30/2022,7,24.59,326
407,12/31/2021,5,29.99,352
42,12/31/2022,8,23.49,313
434,12/4/2021,43,28.11,178
69,12/4/2022,15,21.65,271
433,12/5/2021,43,28.17,178
68,12/5/2022,13,22.99,277
432,12/6/2021,43,28.23,178
67,12/6/2022,11,25.99,284
431,12/7/2021,43,28.29,178
66,12/7/2022,7,27.38,326
430,12/8/2021,43,28.35,178
65,12/8/2022,10,27.19,287
429,12/9/2021,43,28.41,178
64,12/9/2022,10,27,287
375,2/1/2022,21,38.99,251
10,2/1/2023,56,23.49,150
366,2/10/2022,35,40.99,205
1,2/10/2023,47,23.49,165
365,2/11/2022,50,40.66,155
364,2/12/2022,66,40.33,141
728,2/13/2021,4,26.95,392
363,2/13/2022,65,39.99,142
727,2/14/2021,6,26.95,339
362,2/14/2022,54,39.42,152
726,2/15/2021,4,26.95,392
361,2/15/2022,51,38.85,154
725,2/16/2021,3,26.95,432
360,2/16/2022,45,38.28,172
724,2/17/2021,2,26.95,471
359,2/17/2022,58,37.71,148
723,2/18/2021,3,26.95,432
358,2/18/2022,76,37.14,132
722,2/19/2021,4,26.95,392
357,2/19/2022,105,36.57,109
374,2/2/2022,21,39.15,251
9,2/2/2023,53,23.49,153
721,2/20/2021,5,26.95,352
356,2/20/2022,105,36,109
720,2/21/2021,6,26.95,339
355,2/21/2022,76,35.43,132
719,2/22/2021,4,26.95,392
354,2/22/2022,55,34.86,151
718,2/23/2021,3,26.95,432
353,2/23/2022,61,34.29,145
717,2/24/2021,4,26.95,392
352,2/24/2022,62,33.72,145
716,2/25/2021,4,26.95,392
351,2/25/2022,75,33.15,133
715,2/26/2021,4,26.95,392
350,2/26/2022,83,32.58,126
714,2/27/2021,5,26.95,352
349,2/27/2022,83,32.01,126
713,2/28/2021,6,26.95,339
348,2/28/2022,59,31.44,147
373,2/3/2022,30,39.31,221
8,2/3/2023,45,23.49,172
372,2/4/2022,33,39.47,211
7,2/4/2023,39,23.49,192
371,2/5/2022,42,39.63,182
6,2/5/2023,34,23.49,208
370,2/6/2022,44,39.79,175
5,2/6/2023,36,23.49,202
369,2/7/2022,26,39.99,235
4,2/7/2023,45,23.49,172
368,2/8/2022,40,35.99,188
3,2/8/2023,44,23.49,175
367,2/9/2022,43,38.49,178
2,2/9/2023,46,23.49,169
712,3/1/2021,5,26.95,352
347,3/1/2022,52,30.87,154
703,3/10/2021,6,26.4,339
338,3/10/2022,132,34.83,99
702,3/11/2021,5,26.29,352
337,3/11/2022,153,36.54,91
701,3/12/2021,9,26.18,300
336,3/12/2022,270,38.25,65
700,3/13/2021,10,26.07,287
335,3/14/2022,285,39.99,63
699,3/15/2021,10,25.96,287
334,3/15/2022,345,38.74,55
698,3/16/2021,4,25.85,392
333,3/16/2022,456,37.49,45
697,3/17/2021,6,25.74,339
332,3/17/2022,386,36.24,49
696,3/18/2021,7,25.63,326
331,3/18/2022,257,34.99,67
695,3/19/2021,24,25.52,241
330,3/19/2022,233,33.33,70
711,3/2/2021,6,26.95,339
346,3/2/2022,52,30.3,154
694,3/20/2021,32,25.41,215
329,3/20/2022,196,31.67,76
693,3/21/2021,46,25.3,169
328,3/21/2022,195,29.99,76
692,3/22/2021,49,25.19,159
327,3/22/2022,208,29.49,73
691,3/23/2021,32,24.95,215
326,3/23/2022,206,28.99,74
690,3/24/2021,29,24.91,225
325,3/24/2022,146,28.49,94
689,3/25/2021,25,24.87,238
324,3/25/2022,206,27.99,74
688,3/26/2021,31,24.83,218
323,3/26/2022,202,27.24,74
687,3/27/2021,27,24.79,231
322,3/27/2022,194,26.49,77
686,3/28/2021,31,24.75,218
321,3/28/2022,177,25.74,83
685,3/29/2021,26,24.71,235
320,3/29/2022,146,24.99,94
710,3/3/2021,6,26.95,339
345,3/3/2022,56,29.73,150
684,3/30/2021,22,24.67,248
319,3/30/2022,74,23.99,134
683,3/31/2021,17,24.63,264
318,3/31/2022,82,22.99,127
709,3/4/2021,9,26.95,300
344,3/4/2022,75,29.16,133
708,3/5/2021,13,26.95,277
343,3/5/2022,94,28.59,116
707,3/6/2021,11,26.84,284
342,3/6/2022,90,27.99,120
706,3/7/2021,13,26.73,277
341,3/7/2022,55,29.7,151
705,3/8/2021,7,26.62,326
340,3/8/2022,48,31.41,162
704,3/9/2021,7,26.51,326
339,3/9/2022,81,33.12,128
682,4/1/2021,17,24.59,264
317,4/1/2022,90,22.99,120
673,4/10/2021,6,24.23,339
308,4/10/2022,81,22.71,128
672,4/11/2021,7,24.19,326
307,4/11/2022,71,22.57,137
671,4/12/2021,6,24.15,339
306,4/12/2022,66,22.43,141
670,4/13/2021,4,24.1,392
305,4/13/2022,62,22.29,145
669,4/14/2021,6,24.95,339
304,4/14/2022,42,22.15,182
668,4/15/2021,6,24.58,339
303,4/15/2022,55,22.01,151
667,4/16/2021,6,24.21,339
302,4/16/2022,75,21.87,133
666,4/17/2021,9,23.84,300
301,4/17/2022,82,21.73,127
665,4/18/2021,12,23.47,281
300,4/18/2022,100,21.59,111
664,4/19/2021,15,23.1,271
299,4/19/2022,112,21.45,106
681,4/2/2021,14,24.55,274
316,4/2/2022,74,22.99,134
663,4/20/2021,9,22.73,300
298,4/20/2022,53,21.31,153
662,4/21/2021,8,22.36,313
297,4/21/2022,42,21.17,182
661,4/22/2021,144,21.99,95
296,4/22/2022,60,21.03,146
660,4/23/2021,58,21.62,148
295,4/23/2022,79,20.89,129
659,4/24/2021,16,21.25,268
294,4/24/2022,95,20.75,115
658,4/25/2021,17,20.88,264
293,4/25/2022,76,20.61,132
657,4/26/2021,13,20.48,277
292,4/26/2022,58,20.47,148
656,4/27/2021,9,21.4,300
291,4/27/2022,48,20.33,162
655,4/28/2021,4,22.32,392
290,4/28/2022,48,20.19,162
654,4/29/2021,3,23.24,432
289,4/29/2022,55,20.05,151
680,4/3/2021,21,24.51,251
315,4/3/2022,100,22.99,111
653,4/30/2021,3,24.16,432
288,4/30/2022,67,19.91,140
679,4/4/2021,25,24.47,238
314,4/4/2022,104,22.99,109
678,4/5/2021,30,24.43,221
313,4/5/2022,77,22.99,131
677,4/6/2021,30,24.39,221
312,4/6/2022,58,22.99,148
676,4/7/2021,17,24.35,264
311,4/7/2022,71,22.99,137
675,4/8/2021,11,24.31,284
310,4/8/2022,88,22.99,121
674,4/9/2021,9,24.27,300
309,4/9/2022,71,22.85,137
652,5/1/2021,4,25.08,392
287,5/1/2022,89,19.77,121
643,5/10/2021,22,26.04,248
278,5/10/2022,76,22.79,132
642,5/11/2021,17,25.91,264
277,5/11/2022,82,22.59,127
641,5/12/2021,24,25.78,241
276,5/12/2022,91,22.39,119
640,5/13/2021,19,25.65,258
275,5/13/2022,99,22.19,112
639,5/14/2021,17,25.52,264
274,5/14/2022,113,21.99,106
638,5/15/2021,17,25.39,264
273,5/15/2022,134,21.79,98
637,5/16/2021,23,25.26,244
272,5/16/2022,158,21.59,90
636,5/17/2021,20,25.13,254
271,5/17/2022,115,21.39,105
635,5/18/2021,12,25,281
270,5/18/2022,105,21.19,109
634,5/19/2021,11,24.87,284
269,5/19/2022,90,20.99,120
651,5/2/2021,4,26,392
286,5/2/2022,85,19.54,124
633,5/20/2021,11,24.74,284
268,5/20/2022,102,20.79,110
632,5/21/2021,7,24.61,326
267,5/21/2022,124,20.59,102
631,5/22/2021,12,24.48,281
266,5/22/2022,163,20.39,88
630,5/23/2021,19,24.35,258
265,5/23/2022,205,20.19,74
629,5/24/2021,30,24.22,221
264,5/24/2022,173,19.99,84
628,5/25/2021,41,24.09,185
263,5/25/2022,157,19.33,90
627,5/26/2021,38,23.96,195
262,5/26/2022,144,18.67,95
626,5/27/2021,27,23.83,231
261,5/27/2022,117,17.99,105
625,5/28/2021,24,23.7,241
260,5/28/2022,140,17.98,96
624,5/29/2021,34,23.57,208
259,5/29/2022,156,17.97,90
650,5/3/2021,5,26.95,352
285,5/3/2022,52,20.03,154
623,5/30/2021,37,23.44,198
258,5/30/2022,156,17.96,90
622,5/31/2021,37,23.31,198
257,5/31/2022,126,17.95,101
649,5/4/2021,5,26.82,352
284,5/4/2022,50,20.52,155
648,5/5/2021,6,26.69,339
283,5/5/2022,55,21.01,151
647,5/6/2021,7,26.56,326
282,5/6/2022,69,21.5,138
646,5/7/2021,9,26.43,300
281,5/7/2022,100,21.99,111
645,5/8/2021,13,26.3,277
280,5/8/2022,99,22.48,112
644,5/9/2021,19,26.17,258
279,5/9/2022,95,22.99,115
621,6/1/2021,35,23.18,205
256,6/1/2022,141,17.94,96
612,6/10/2021,12,19.43,281
247,6/10/2022,175,17.2,83
611,6/11/2021,10,18.95,287
246,6/11/2022,229,16.99,71
610,6/12/2021,11,18.84,284
245,6/12/2022,294,17.99,62
609,6/13/2021,12,18.73,281
244,6/13/2022,268,16.99,65
608,6/14/2021,12,18.62,281
243,6/14/2022,218,16.98,72
607,6/15/2021,10,18.51,287
242,6/15/2022,238,16.97,69
606,6/16/2021,8,18.4,313
241,6/16/2022,221,16.96,72
605,6/17/2021,7,18.29,326
240,6/17/2022,250,16.95,68
604,6/18/2021,9,18.18,300
239,6/18/2022,254,16.94,67
603,6/19/2021,12,18.07,281
238,6/19/2022,290,16.93,62
620,6/2/2021,40,22.95,188
255,6/2/2022,167,17.93,86
602,6/20/2021,13,17.96,277
237,6/20/2022,313,16.92,59
601,6/21/2021,15,17.85,271
236,6/21/2022,268,16.91,65
600,6/22/2021,14,17.74,274
235,6/22/2022,281,16.9,63
599,6/23/2021,13,17.63,277
234,6/23/2022,304,16.89,60
598,6/24/2021,11,17.52,284
233,6/24/2022,300,16.88,61
597,6/25/2021,12,17.41,281
232,6/25/2022,352,16.87,54
596,6/26/2021,12,17.3,281
231,6/26/2022,396,16.86,48
595,6/27/2021,14,17.19,274
230,6/27/2022,440,16.85,45
594,6/28/2021,10,17.08,287
229,6/28/2022,381,16.84,50
593,6/29/2021,8,16.97,313
228,6/29/2022,347,16.83,55
619,6/3/2021,33,22.51,211
254,6/3/2022,203,17.92,74
592,6/30/2021,4,16.86,392
227,6/30/2022,396,16.82,48
618,6/4/2021,37,22.07,198
253,6/4/2022,203,17.91,74
617,6/5/2021,39,21.63,192
252,6/5/2022,220,17.9,72
616,6/6/2021,43,21.19,178
251,6/6/2022,191,17.88,78
615,6/7/2021,35,20.75,205
250,6/7/2022,180,17.71,82
614,6/8/2021,26,20.31,235
249,6/8/2022,174,17.54,84
613,6/9/2021,14,19.87,274
248,6/9/2022,191,17.37,78
591,7/1/2021,4,16.75,392
226,7/1/2022,540,16.81,41
582,7/10/2021,1,18.1,511
217,7/10/2022,444,16.72,45
581,7/11/2021,1,18.5,511
216,7/11/2022,457,16.71,45
580,7/12/2021,1,18.95,511
215,7/12/2022,416,16.7,47
579,7/13/2021,2,17.99,471
214,7/13/2022,541,16.69,41
578,7/14/2021,2,18.05,471
213,7/14/2022,491,16.68,43
577,7/15/2021,2,18.11,471
212,7/15/2022,428,16.67,46
576,7/16/2021,2,18.17,471
211,7/16/2022,366,16.66,52
575,7/17/2021,2,18.23,471
210,7/17/2022,395,16.65,48
574,7/18/2021,2,18.29,471
209,7/18/2022,425,16.64,46
573,7/19/2021,2,18.35,471
208,7/19/2022,419,16.63,47
590,7/2/2021,4,16.64,392
225,7/2/2022,572,16.8,39
572,7/20/2021,1,18.41,511
207,7/20/2022,395,16.62,48
571,7/21/2021,1,18.47,511
206,7/21/2022,346,16.61,55
570,7/22/2021,1,18.53,511
205,7/22/2022,328,16.6,57
569,7/23/2021,1,18.59,511
204,7/23/2022,323,16.59,58
568,7/24/2021,1,18.65,511
203,7/24/2022,303,16.58,61
567,7/25/2021,1,18.71,511
202,7/25/2022,294,16.57,62
566,7/26/2021,1,18.77,511
201,7/26/2022,290,16.56,62
565,7/27/2021,1,18.83,511
200,7/27/2022,288,16.55,63
564,7/28/2021,1,18.99,511
199,7/28/2022,291,16.54,62
563,7/29/2021,1,19.99,511
198,7/29/2022,271,16.53,65
589,7/3/2021,2,16.53,471
224,7/3/2022,576,16.79,39
562,7/30/2021,1,20.31,511
197,7/30/2022,404,16.52,47
561,7/31/2021,1,20.63,511
196,7/31/2022,442,16.51,45
588,7/4/2021,2,16.42,471
223,7/4/2022,616,16.78,37
587,7/5/2021,2,16.1,471
222,7/5/2022,469,16.77,44
586,7/6/2021,2,16.5,471
221,7/6/2022,440,16.76,45
585,7/7/2021,1,16.9,511
220,7/7/2022,374,16.75,51
584,7/8/2021,1,17.3,511
219,7/8/2022,452,16.74,45
583,7/9/2021,1,17.7,511
218,7/9/2022,500,16.73,43
560,8/1/2021,1,20.95,511
195,8/1/2022,572,16.5,39
551,8/10/2021,1,23.95,511
186,8/10/2022,540,16.53,41
550,8/11/2021,1,24.28,511
185,8/11/2022,604,16.62,37
549,8/12/2021,1,24.61,511
184,8/12/2022,590,16.71,38
548,8/13/2021,3,24.95,432
183,8/13/2022,578,16.8,39
547,8/14/2021,3,25.11,432
182,8/14/2022,670,16.89,34
546,8/15/2021,3,25.27,432
181,8/15/2022,572,16.98,39
545,8/16/2021,3,25.43,432
180,8/16/2022,591,17.07,38
544,8/17/2021,3,25.59,432
179,8/17/2022,419,17.16,47
543,8/18/2021,3,25.75,432
178,8/18/2022,426,17.25,46
542,8/19/2021,3,25.95,432
177,8/19/2022,509,17.34,42
559,8/2/2021,1,21.27,511
194,8/2/2022,614,16.49,37
541,8/20/2021,3,26.15,432
176,8/20/2022,509,17.43,42
540,8/21/2021,3,26.35,432
175,8/21/2022,481,17.52,43
539,8/22/2021,3,26.55,432
174,8/22/2022,505,17.61,42
538,8/23/2021,3,26.75,432
173,8/23/2022,383,17.7,50
537,8/24/2021,1,26.95,511
172,8/24/2022,359,17.79,53
536,8/25/2021,1,27.95,511
171,8/25/2022,408,17.88,47
535,8/26/2021,1,29.95,511
170,8/26/2022,452,17.99,45
534,8/27/2021,1,30.45,511
169,8/27/2022,333,17.91,56
533,8/28/2021,1,30.95,511
168,8/28/2022,204,17.83,74
532,8/29/2021,1,31.45,511
167,8/29/2022,217,17.75,72
558,8/3/2021,1,21.59,511
193,8/3/2022,552,16.48,40
531,8/30/2021,1,31.95,511
166,8/30/2022,200,17.67,74
530,8/31/2021,1,32.45,511
165,8/31/2022,176,17.59,83
557,8/4/2021,1,21.91,511
192,8/4/2022,595,15.99,38
556,8/5/2021,1,22.23,511
191,8/5/2022,428,16.08,46
555,8/6/2021,3,22.55,432
190,8/6/2022,462,16.17,44
554,8/7/2021,3,22.95,432
189,8/7/2022,518,16.26,42
553,8/8/2021,3,23.28,432
188,8/8/2022,553,16.35,40
552,8/9/2021,3,23.61,432
187,8/9/2022,586,16.44,38
529,9/1/2021,1,32.95,511
164,9/1/2022,152,17.51,92
520,9/10/2021,15,33.99,271
155,9/10/2022,7,16.79,326
519,9/11/2021,29,33.99,225
154,9/11/2022,8,16.71,313
518,9/12/2021,58,33.99,148
153,9/12/2022,7,16.63,326
517,9/13/2021,73,32.66,135
152,9/13/2022,7,16.55,326
516,9/14/2021,36,31.33,202
151,9/14/2022,7,16.47,326
515,9/15/2021,24,29.99,241
150,9/15/2022,8,16.39,313
514,9/16/2021,48,31.32,162
149,9/16/2022,8,16.31,313
513,9/17/2021,62,32.65,145
148,9/17/2022,8,16.23,313
512,9/18/2021,41,33.99,185
147,9/18/2022,7,16.15,326
511,9/19/2021,44,32.66,175
146,9/19/2022,6,15.99,339
528,9/2/2021,4,33.99,392
163,9/2/2022,128,17.43,101
510,9/20/2021,50,31.33,155
145,9/20/2022,6,16.27,339
509,9/21/2021,28,29.99,228
144,9/21/2022,5,16.55,352
508,9/22/2021,33,30.99,211
143,9/22/2022,5,16.83,352
507,9/23/2021,45,31.99,172
142,9/23/2022,7,17.11,326
506,9/24/2021,32,32.99,215
141,9/24/2022,6,17.39,339
505,9/25/2021,25,33.99,238
140,9/25/2022,7,17.67,326
504,9/26/2021,43,33.99,178
139,9/26/2022,6,17.99,339
503,9/27/2021,55,33.99,151
138,9/27/2022,7,17.93,326
502,9/28/2021,45,33.99,172
137,9/28/2022,8,17.87,313
501,9/29/2021,18,29.99,261
136,9/29/2022,9,17.81,300
527,9/3/2021,2,33.99,471
162,9/3/2022,104,17.35,109
500,9/30/2021,23,33.99,244
135,9/30/2022,10,17.75,287
526,9/4/2021,2,33.99,471
161,9/4/2022,80,17.27,129
525,9/5/2021,3,33.99,432
160,9/5/2022,56,17.19,150
524,9/6/2021,3,33.99,432
159,9/6/2022,32,17.11,215
523,9/7/2021,3,33.99,432
158,9/7/2022,6,17.03,339
522,9/8/2021,4,33.99,392
157,9/8/2022,7,16.95,326
521,9/9/2021,6,33.99,339
156,9/9/2022,8,16.87,313
