#,Date,Rank,Price,Sales
1,2/10/2023,11007,15.99,1
2,2/9/2023,15909,15.99,0
3,2/8/2023,9969,15.99,2
4,2/7/2023,12005,15.99,1
5,2/6/2023,16486,15.99,0
6,2/5/2023,18010,15.99,0
7,2/4/2023,13408,15.99,1
8,2/3/2023,9074,15.99,2
9,2/2/2023,12668,15.99,1
10,2/1/2023,13536,15.99,1
11,1/31/2023,9245,15.99,2
12,1/30/2023,14007,15.99,0
13,1/29/2023,9494,15.99,2
14,1/28/2023,8307,15.99,3
15,1/27/2023,8992,15.99,2
16,1/26/2023,8466,15.99,2
17,1/25/2023,6490,15.99,4
18,1/24/2023,8258,15.99,3
19,1/23/2023,7866,15.99,3
20,1/22/2023,7201,15.99,3
21,1/21/2023,5925,15.99,4
22,1/20/2023,7057,15.99,3
23,1/19/2023,9729,15.99,2
24,1/18/2023,7500,15.99,3
25,1/17/2023,7848,15.99,3
26,1/16/2023,8196,15.99,3
27,1/15/2023,8283,15.99,3
28,1/14/2023,6048,15.99,4
29,1/13/2023,5445,15.99,5
30,1/12/2023,4801,15.99,6
31,1/11/2023,4674,15.99,6
32,1/10/2023,4776,15.99,6
33,1/9/2023,5342,15.99,5
34,1/8/2023,5337,15.99,5
35,1/7/2023,6091,15.99,4
36,1/6/2023,6194,15.99,4
37,1/5/2023,8508,15.99,2
38,1/4/2023,8978,15.99,2
39,1/3/2023,8633,15.99,2
40,1/2/2023,8497,15.99,2
41,1/1/2023,9570,15.99,2
42,12/31/2022,8150,15.99,3
43,12/30/2022,6732,15.99,4
44,12/29/2022,5314,15.99,5
45,12/28/2022,10688,15.99,2
46,12/27/2022,5068,15.99,5
47,12/26/2022,4867,15.99,6
48,12/25/2022,8742,15.99,2
49,12/24/2022,6588,15.99,4
50,12/23/2022,5785,15.99,5
51,12/22/2022,4913,15.99,6
52,12/21/2022,6937,15.99,3
53,12/20/2022,5253,15.99,5
54,12/19/2022,7318,15.99,3
55,12/18/2022,7411,15.99,3
56,12/17/2022,7109,15.99,3
57,12/16/2022,7399,15.99,3
58,12/15/2022,8410,15.99,2
59,12/14/2022,5408,15.99,5
60,12/13/2022,7207,15.99,3
61,12/12/2022,9115,15.99,2
62,12/11/2022,9342,15.99,2
63,12/10/2022,8255,15.99,3
64,12/9/2022,7954,15.99,3
65,12/8/2022,11298,15.99,1
66,12/7/2022,6810,15.99,4
67,12/6/2022,10190,15.99,2
68,12/5/2022,9910,15.99,2
69,12/4/2022,9630,15.99,2
70,12/3/2022,7601,15.99,3
71,12/2/2022,9261,15.99,2
72,12/1/2022,9546,15.99,2
73,11/30/2022,8449,15.99,2
74,11/29/2022,8504,15.99,2
75,11/28/2022,8559,15.99,2
76,11/27/2022,10921,15.99,2
77,11/26/2022,7855,15.99,3
78,11/25/2022,8370,15.99,2
79,11/24/2022,7716,15.99,3
80,11/23/2022,7062,15.99,3
81,11/22/2022,8739,15.99,2
82,11/21/2022,6795,15.99,4
83,11/20/2022,10443,15.99,2
84,11/19/2022,10358,15.99,2
85,11/18/2022,9637,15.99,2
86,11/17/2022,4202,15.99,6
87,11/16/2022,2702,15.99,10
88,11/15/2022,3162,14.69,8
89,11/14/2022,2706,14.67,10
90,11/13/2022,2958,14.65,9
91,11/12/2022,8438,14.63,2
92,11/11/2022,7555,14.61,3
93,11/10/2022,8532,14.59,2
94,11/9/2022,9659,14.57,2
95,11/8/2022,7605,14.55,3
96,11/7/2022,7805,14.53,3
97,11/6/2022,7873,14.51,3
98,11/6/2022,9504,14.49,2
99,11/5/2022,11348,14.47,1
100,11/4/2022,7249,14.45,3
101,11/3/2022,6203,14.43,4
102,11/2/2022,7438,14.41,3
103,11/1/2022,6746,14.39,4
104,10/31/2022,7474,14.37,3
105,10/30/2022,8201,14.35,3
106,10/29/2022,7412,14.33,3
107,10/28/2022,9092,14.31,2
108,10/27/2022,7669,14.29,3
109,10/26/2022,7818,14.27,3
110,10/25/2022,5310,14.25,5
111,10/24/2022,5640,14.23,5
112,10/23/2022,8235,14.21,3
113,10/22/2022,7074,14.19,3
114,10/21/2022,7055,14.17,3
115,10/20/2022,5394,14.15,5
116,10/19/2022,7032,14.13,3
117,10/18/2022,6926,14.11,3
118,10/17/2022,6821,14.09,4
119,10/16/2022,6235,14.07,4
120,10/15/2022,7107,14.05,3
121,10/14/2022,9284,14.03,2
122,10/13/2022,11803,14.01,1
123,10/12/2022,11759,13.99,1
124,10/11/2022,8372,13.97,2
125,10/10/2022,11280,13.95,1
126,10/9/2022,9442,13.93,2
127,10/8/2022,7288,13.91,3
128,10/7/2022,4341,13.89,6
129,10/6/2022,8674,13.87,2
130,10/5/2022,11980,13.85,1
131,10/4/2022,9809,13.83,2
132,10/3/2022,6468,13.81,4
133,10/2/2022,8539,13.79,2
134,10/1/2022,6862,13.77,3
135,9/30/2022,5948,13.75,4
136,9/29/2022,5885,13.73,5
137,9/28/2022,5078,13.71,5
138,9/27/2022,6330,13.69,4
139,9/26/2022,5860,13.67,5
140,9/25/2022,6044,13.65,4
141,9/24/2022,5029,13.63,5
142,9/23/2022,5938,13.61,4
143,9/22/2022,6348,13.59,4
144,9/21/2022,5789,13.57,5
145,9/20/2022,8748,13.55,2
146,9/19/2022,6900,13.53,3
147,9/18/2022,5871,13.51,5
148,9/17/2022,6199,13.49,4
149,9/16/2022,5629,13.47,5
150,9/15/2022,6023,13.45,4
151,9/14/2022,7405,13.43,3
152,9/13/2022,8000,13.41,3
153,9/12/2022,7338,13.39,3
154,9/11/2022,5254,13.37,5
155,9/10/2022,5169,13.35,5
156,9/9/2022,5759,13.33,5
157,9/8/2022,4810,13.31,6
158,9/7/2022,4101,13.29,6
159,9/6/2022,5312,13.27,5
160,9/5/2022,4610,13.25,6
161,9/4/2022,6413,13.23,4
162,9/3/2022,7384,13.21,3
163,9/2/2022,6394,13.19,4
164,9/1/2022,5049,13.17,5
165,8/31/2022,5138,13.15,5
166,8/30/2022,5530,13.13,5
167,8/29/2022,4725,13.11,6
168,8/28/2022,4816,13.09,6
169,8/27/2022,7331,13.07,3
170,8/26/2022,5900,13.05,5
171,8/25/2022,4724,13.03,6
172,8/24/2022,4211,13.01,6
173,8/23/2022,5233,12.99,5
174,8/22/2022,5402,12.97,5
175,8/21/2022,5984,12.95,4
176,8/20/2022,5812,12.93,5
177,8/19/2022,4709,12.91,6
178,8/18/2022,5421,12.89,5
179,8/17/2022,5198,12.87,5
180,8/16/2022,5609,12.85,5
181,8/15/2022,6669,12.83,4
182,8/14/2022,5437,12.81,5
183,8/13/2022,5366,12.79,5
184,8/12/2022,5299,12.77,5
185,8/11/2022,5232,12.75,5
186,8/10/2022,4676,12.73,6
187,8/9/2022,5569,12.71,5
188,8/8/2022,6673,12.69,4
189,8/7/2022,6243,12.67,4
190,8/6/2022,6345,12.65,4
191,8/5/2022,7281,12.63,3
192,8/4/2022,5697,12.61,5
193,8/3/2022,5231,12.59,5
194,8/2/2022,5113,12.57,5
195,8/1/2022,5086,12.55,5
196,7/31/2022,8821,12.53,2
197,7/30/2022,5324,12.51,5
198,7/29/2022,3528,12.49,7
199,7/28/2022,3726,12.47,7
200,7/27/2022,3714,12.45,7
201,7/26/2022,3819,12.43,7
202,7/25/2022,3598,12.41,7
203,7/24/2022,3863,12.39,7
204,7/23/2022,4134,12.37,6
205,7/22/2022,4278,12.35,6
206,7/21/2022,4507,12.33,6
207,7/20/2022,3888,12.31,7
208,7/19/2022,3941,12.29,7
209,7/18/2022,4351,12.27,6
210,7/17/2022,4043,12.25,7
211,7/16/2022,4657,12.23,6
212,7/15/2022,4994,12.21,5
213,7/14/2022,5147,12.19,5
214,7/13/2022,4918,12.17,6
215,7/12/2022,5166,12.15,5
216,7/11/2022,6305,12.13,4
217,7/10/2022,6851,12.11,3
218,7/9/2022,7729,12.09,3
219,7/8/2022,4230,12.07,6
220,7/7/2022,6052,12.05,4
221,7/6/2022,5493,12.03,5
222,7/5/2022,3575,12.01,7
223,7/4/2022,6960,11.99,3
224,7/3/2022,4358,11.65,6
225,7/2/2022,4841,11.32,6
226,7/1/2022,5323,10.99,5
227,6/30/2022,4239,11.02,6
228,6/29/2022,4655,11.03,6
229,6/28/2022,4430,11.04,6
230,6/27/2022,5772,11.05,5
231,6/26/2022,5811,11.06,5
232,6/25/2022,9526,11.07,2
233,6/24/2022,8881,11.08,2
234,6/23/2022,8236,11.09,3
235,6/22/2022,7591,11.1,3
236,6/21/2022,7648,11.11,3
237,6/20/2022,3730,11.12,7
238,6/19/2022,8629,11.13,2
239,6/18/2022,7761,11.14,3
240,6/17/2022,7745,11.15,3
241,6/16/2022,7729,11.16,3
242,6/15/2022,7547,11.17,3
243,6/14/2022,5225,11.18,5
244,6/13/2022,5336,11.19,5
245,6/12/2022,7255,11.2,3
246,6/11/2022,5612,11.21,5
247,6/10/2022,6257,11.22,4
248,6/9/2022,7672,11.23,3
249,6/8/2022,9087,11.24,2
250,6/7/2022,7874,11.25,3
251,6/6/2022,6662,11.26,4
252,6/5/2022,4105,11.27,6
253,6/4/2022,6309,11.28,4
254,6/3/2022,7363,11.29,3
255,6/2/2022,5461,11.3,5
256,6/1/2022,3835,11.31,7
257,5/31/2022,6290,11.32,4
258,5/30/2022,3735,11.33,7
259,5/29/2022,6029,11.34,4
260,5/28/2022,6274,11.35,4
261,5/27/2022,6519,11.36,4
262,5/26/2022,7161,11.37,3
263,5/25/2022,5296,11.38,5
264,5/24/2022,4272,11.39,6
265,5/23/2022,4885,11.4,6
266,5/22/2022,4716,11.41,6
267,5/21/2022,4840,11.42,6
268,5/20/2022,4725,11.43,6
269,5/19/2022,4108,11.44,6
270,5/18/2022,7107,11.45,3
271,5/17/2022,5823,11.46,5
272,5/16/2022,3857,11.47,7
273,5/15/2022,2601,11.48,10
274,5/14/2022,2630,11.49,10
275,5/13/2022,2299,11.5,12
276,5/12/2022,2908,11.51,9
277,5/11/2022,3439,11.52,7
278,5/10/2022,3436,11.53,7
279,5/9/2022,3525,11.54,7
280,5/8/2022,3642,11.55,7
281,5/7/2022,3357,11.56,7
282,5/6/2022,2923,11.57,9
283,5/5/2022,2856,11.58,9
284,5/4/2022,2227,11.59,12
285,5/3/2022,2925,11.6,9
286,5/2/2022,2246,11.61,12
287,5/1/2022,2835,11.62,9
288,4/30/2022,3012,11.63,8
289,4/29/2022,2383,11.64,11
290,4/28/2022,2330,11.65,11
291,4/27/2022,1751,11.66,14
292,4/26/2022,1970,11.67,13
293,4/25/2022,2569,11.68,10
294,4/24/2022,2726,11.69,10
295,4/23/2022,3149,11.7,8
296,4/22/2022,2702,11.71,10
297,4/21/2022,2709,11.72,10
298,4/20/2022,2199,11.73,12
299,4/19/2022,2592,11.74,10
300,4/18/2022,2484,11.75,11
301,4/17/2022,2831,11.76,9
302,4/16/2022,2713,11.77,10
303,4/15/2022,3266,11.78,7
304,4/14/2022,1837,11.79,14
305,4/13/2022,2662,11.8,10
306,4/12/2022,2414,11.81,11
307,4/11/2022,2190,11.82,12
308,4/10/2022,2197,11.83,12
309,4/9/2022,1822,11.84,14
310,4/8/2022,2004,11.85,13
311,4/7/2022,2119,11.86,12
312,4/6/2022,2745,11.87,10
313,4/5/2022,2974,11.88,8
314,4/4/2022,2763,11.89,9
315,4/3/2022,2190,11.9,12
316,4/2/2022,2351,11.91,11
317,4/1/2022,2058,11.92,13
318,3/31/2022,2078,11.99,13
319,3/30/2022,4445,11.99,6
320,3/29/2022,3894,11.99,7
321,3/28/2022,2111,11.99,13
322,3/27/2022,3969,11.99,7
323,3/26/2022,3421,11.99,7
324,3/25/2022,2908,11.99,9
325,3/24/2022,3168,11.99,8
326,3/23/2022,2958,11.99,9
327,3/22/2022,4069,11.99,7
328,3/21/2022,3287,12.69,7
329,3/20/2022,3557,12.71,7
330,3/19/2022,3283,12.73,7
331,3/18/2022,2793,12.75,9
332,3/17/2022,3180,12.77,8
333,3/16/2022,4869,12.79,6
334,3/15/2022,4172,12.81,6
335,3/14/2022,3691,12.83,7
336,3/12/2022,3888,12.85,7
337,3/11/2022,3962,12.87,7
338,3/10/2022,2752,12.89,10
339,3/9/2022,2138,12.91,12
340,3/8/2022,2133,12.93,12
341,3/7/2022,1733,12.95,14
342,3/6/2022,2528,12.97,11
343,3/5/2022,2604,12.99,10
344,3/4/2022,2711,13.01,10
345,3/3/2022,2422,13.03,11
346,3/2/2022,2138,13.05,12
347,3/1/2022,2337,13.07,11
348,2/28/2022,1813,13.09,14
349,2/27/2022,1359,13.11,19
350,2/26/2022,1503,13.13,16
351,2/25/2022,1525,13.15,16
352,2/24/2022,1696,13.17,14
353,2/23/2022,1640,13.19,15
354,2/22/2022,1802,13.21,14
355,2/21/2022,1861,13.23,14
356,2/20/2022,1742,13.25,14
357,2/19/2022,1425,13.27,18
358,2/18/2022,1947,13.29,13
359,2/17/2022,1961,13.31,13
360,2/16/2022,1940,13.33,13
361,2/15/2022,1463,13.35,17
362,2/14/2022,1336,13.37,19
363,2/13/2022,1173,13.39,22
364,2/12/2022,978,13.41,25
365,2/11/2022,1110,13.43,23
366,2/10/2022,1038,13.45,24
367,2/9/2022,857,13.47,27
368,2/8/2022,835,13.49,27
369,2/7/2022,788,13.51,29
370,2/6/2022,941,13.53,26
371,2/5/2022,958,13.55,25
372,2/4/2022,1051,13.57,24
373,2/3/2022,968,13.59,25
374,2/2/2022,1108,13.61,23
375,2/1/2022,1042,13.63,24
376,1/31/2022,671,13.65,34
377,1/30/2022,558,13.67,40
378,1/29/2022,496,13.69,43
379,1/28/2022,493,13.71,43
380,1/27/2022,459,13.73,45
381,1/26/2022,448,13.75,45
382,1/25/2022,475,13.77,44
383,1/24/2022,471,13.79,44
384,1/23/2022,395,13.81,48
385,1/22/2022,421,13.83,46
386,1/21/2022,395,13.85,48
387,1/20/2022,380,13.87,50
388,1/19/2022,347,13.89,55
389,1/18/2022,463,13.91,44
390,1/17/2022,344,13.93,55
391,1/16/2022,311,13.95,59
392,1/15/2022,289,13.97,62
393,1/14/2022,269,13.99,65
394,1/13/2022,284,14.01,63
395,1/12/2022,275,14.03,64
396,1/11/2022,274,14.05,64
397,1/10/2022,295,14.07,62
398,1/9/2022,322,14.09,58
399,1/8/2022,349,14.11,54
400,1/7/2022,344,14.13,55
401,1/6/2022,341,14.15,55
402,1/5/2022,338,14.17,56
403,1/4/2022,335,14.19,56
404,1/3/2022,332,14.21,57
405,1/2/2022,298,14.23,61
406,1/1/2022,316,14.25,59
407,12/31/2021,221,14.27,72
408,12/30/2021,215,14.29,72
409,12/29/2021,230,14.31,70
410,12/28/2021,250,14.33,68
411,12/27/2021,350,14.35,54
412,12/26/2021,364,14.37,52
413,12/25/2021,303,14.39,61
414,12/24/2021,276,14.41,64
415,12/23/2021,224,14.43,71
416,12/22/2021,229,14.45,71
417,12/21/2021,196,14.47,76
418,12/20/2021,140,14.49,96
419,12/19/2021,144,14.51,95
420,12/18/2021,139,14.53,97
421,12/17/2021,154,14.55,91
422,12/16/2021,221,14.57,72
423,12/15/2021,284,14.59,63
424,12/14/2021,270,14.61,65
425,12/13/2021,298,14.63,61
426,12/12/2021,284,14.65,63
427,12/11/2021,304,14.67,60
428,12/10/2021,324,14.69,58
429,12/9/2021,329,14.71,57
430,12/8/2021,319,14.73,58
431,12/7/2021,289,14.75,62
432,12/6/2021,288,14.77,63
433,12/5/2021,306,14.79,60
434,12/4/2021,297,14.81,61
435,12/3/2021,287,14.83,63
436,12/2/2021,337,14.85,56
437,12/1/2021,401,14.87,47
438,11/30/2021,357,14.89,53
439,11/29/2021,366,14.91,52
440,11/28/2021,293,14.93,62
441,11/27/2021,354,14.95,54
442,11/26/2021,488,14.97,43
443,11/25/2021,497,14.99,43
444,11/24/2021,597,19.99,38
445,11/23/2021,274,19.48,64
446,11/22/2021,298,19.39,61
447,11/21/2021,309,19.3,60
448,11/20/2021,269,19.21,65
449,11/19/2021,267,19.12,65
450,11/18/2021,248,19.03,68
451,11/17/2021,276,18.94,64
452,11/16/2021,286,18.85,63
453,11/15/2021,289,18.76,62
454,11/14/2021,311,18.67,59
455,11/13/2021,259,18.58,66
456,11/12/2021,256,18.49,67
457,11/11/2021,304,18.4,60
458,11/10/2021,359,18.31,53
459,11/9/2021,373,18.22,51
460,11/8/2021,328,18.13,57
461,11/7/2021,294,18.04,62
462,11/7/2021,276,17.95,64
463,11/6/2021,311,17.86,59
464,11/5/2021,296,17.77,61
465,11/4/2021,302,17.68,61
466,11/3/2021,285,17.59,63
467,11/2/2021,286,17.5,63
468,11/1/2021,293,17.41,62
469,10/31/2021,297,17.32,61
470,10/30/2021,310,17.23,60
471,10/29/2021,323,17.14,58
472,10/28/2021,335,17.05,56
473,10/27/2021,351,16.96,54
474,10/26/2021,354,16.87,54
475,10/25/2021,335,16.78,56
476,10/24/2021,275,16.69,64
477,10/23/2021,227,16.6,71
478,10/22/2021,213,16.51,73
479,10/21/2021,206,16.42,74
480,10/20/2021,253,16.33,67
481,10/19/2021,283,16.24,63
482,10/18/2021,283,16.15,63
483,10/17/2021,313,16.06,59
484,10/16/2021,276,15.97,64
485,10/15/2021,218,15.88,72
486,10/14/2021,258,15.79,67
487,10/13/2021,266,15.7,66
488,10/12/2021,265,15.61,66
489,10/11/2021,346,15.52,55
490,10/10/2021,302,15.43,61
491,10/9/2021,272,15.34,65
492,10/8/2021,261,15.25,66
493,10/7/2021,216,15.16,72
494,10/6/2021,171,15.07,85
495,10/5/2021,230,14.98,70
496,10/4/2021,238,14.89,69
497,10/3/2021,183,14.8,81
498,10/2/2021,164,14.71,87
499,10/1/2021,174,14.62,84
500,9/30/2021,166,14.53,87
501,9/29/2021,197,14.44,76
502,9/28/2021,178,14.35,82
503,9/27/2021,189,14.26,78
504,9/26/2021,197,14.17,76
505,9/25/2021,200,14.08,74
506,9/24/2021,215,13.99,72
507,9/23/2021,187,14.19,79
508,9/22/2021,198,14.37,75
509,9/21/2021,155,14.55,91
510,9/20/2021,162,14.73,88
511,9/19/2021,172,14.91,85
512,9/18/2021,145,15.09,94
513,9/17/2021,191,15.27,78
514,9/16/2021,386,15.45,49
515,9/15/2021,297,15.63,61
516,9/14/2021,267,15.81,65
517,9/13/2021,184,15.99,80
518,9/12/2021,264,15.31,66
519,9/11/2021,313,14.65,59
520,9/10/2021,631,13.99,36
521,9/9/2021,353,13.99,54
522,9/8/2021,164,13.99,87
523,9/7/2021,89,13.99,121
524,9/6/2021,86,13.99,123
525,9/5/2021,76,13.99,132
526,9/4/2021,105,13.99,109
527,9/3/2021,131,13.99,99
528,9/2/2021,115,13.99,105
529,9/1/2021,150,14.15,93
530,8/31/2021,175,14.29,83
531,8/30/2021,199,14.43,75
532,8/29/2021,296,14.57,61
533,8/28/2021,358,14.71,53
534,8/27/2021,550,14.85,40
535,8/26/2021,919,14.99,26
536,8/25/2021,9145,14.99,2
537,8/24/2021,7497,14.99,3
538,8/23/2021,5148,14.99,5
539,8/22/2021,3667,14.99,7
540,8/21/2021,2385,14.99,11
541,8/20/2021,898,14.99,26
542,8/19/2021,1139,14.99,22
543,8/18/2021,795,14.99,28
544,8/17/2021,737,14.99,31
545,8/16/2021,908,14.99,26
546,8/15/2021,933,14.99,26
547,8/14/2021,895,14.99,26
548,8/13/2021,1031,14.99,24
549,8/12/2021,1042,14.99,24
550,8/11/2021,837,14.99,27
551,8/10/2021,972,14.99,25
552,8/9/2021,856,14.99,27
553,8/8/2021,1002,14.99,25
554,8/7/2021,1479,14.99,17
555,8/6/2021,1664,14.99,15
556,8/5/2021,1496,14.99,17
557,8/4/2021,1459,14.99,17
558,8/3/2021,2169,14.99,12
559,8/2/2021,1462,14.99,17
560,8/1/2021,1242,14.99,21
561,7/31/2021,1571,14.99,15
562,7/30/2021,1991,14.99,13
563,7/29/2021,2853,14.99,9
564,7/28/2021,3292,14.99,7
565,7/27/2021,2493,14.99,11
566,7/26/2021,1471,14.99,17
567,7/25/2021,1236,14.99,21
568,7/24/2021,2187,14.99,12
569,7/23/2021,2489,14.99,11
570,7/22/2021,2643,14.99,10
571,7/21/2021,2747,14.99,10
572,7/20/2021,2598,14.99,10
573,7/19/2021,2232,14.99,12
574,7/18/2021,2579,14.99,10
575,7/17/2021,2031,14.99,13
576,7/16/2021,3103,14.99,8
577,7/15/2021,2227,14.99,12
578,7/14/2021,3013,14.99,8
579,7/13/2021,2187,14.99,12
580,7/12/2021,2872,14.99,9
581,7/11/2021,2024,14.99,13
582,7/10/2021,2381,14.99,11
583,7/9/2021,2250,14.99,12
584,7/8/2021,2164,14.99,12
585,7/7/2021,1854,14.99,14
586,7/6/2021,1945,14.99,13
587,7/5/2021,2935,15.09,9
588,7/4/2021,1731,15.19,14
589,7/3/2021,1953,15.29,13
590,7/2/2021,3328,15.39,7
591,7/1/2021,2818,15.49,9
592,6/30/2021,1558,15.59,16
593,6/29/2021,1534,15.69,16
594,6/28/2021,2048,15.79,13
595,6/27/2021,2623,15.89,10
596,6/26/2021,2138,15.99,12
597,6/25/2021,2250,16.09,12
598,6/24/2021,2132,16.19,12
599,6/23/2021,1899,16.29,13
600,6/22/2021,1953,16.39,13
601,6/21/2021,2148,16.49,12
602,6/20/2021,1966,15.74,13
603,6/19/2021,1784,14.99,14
604,6/18/2021,2649,16.49,10
605,6/17/2021,3070,15.74,8
606,6/16/2021,2430,14.99,11
607,6/15/2021,3645,15.39,7
608,6/14/2021,2557,15.41,10
609,6/13/2021,2887,15.43,9
610,6/12/2021,2871,15.45,9
611,6/11/2021,2290,15.47,12
612,6/10/2021,1906,15.49,13
613,6/9/2021,1860,15.51,14
614,6/8/2021,2155,15.53,12
615,6/7/2021,1956,15.55,13
616,6/6/2021,2551,15.57,10
617,6/5/2021,1995,15.59,13
618,6/4/2021,1438,15.61,18
619,6/3/2021,2042,15.63,13
620,6/2/2021,2133,15.65,12
621,6/1/2021,1931,15.67,13
622,5/31/2021,1455,15.69,17
623,5/30/2021,1451,15.71,17
624,5/29/2021,1610,15.73,15
625,5/28/2021,1241,15.75,21
626,5/27/2021,1489,15.77,17
627,5/26/2021,1837,15.79,14
628,5/25/2021,1932,15.81,13
629,5/24/2021,2598,15.83,10
630,5/23/2021,1953,15.85,13
631,5/22/2021,1963,15.87,13
632,5/21/2021,1583,15.89,15
633,5/20/2021,1345,15.91,19
634,5/19/2021,2492,15.93,11
635,5/18/2021,1942,15.95,13
636,5/17/2021,2084,15.97,13
637,5/16/2021,1808,15.99,14
638,5/15/2021,1807,16.01,14
639,5/14/2021,1736,16.03,14
640,5/13/2021,2590,16.05,10
641,5/12/2021,2929,16.07,9
642,5/11/2021,2329,16.09,11
643,5/10/2021,1898,16.11,13
644,5/9/2021,1626,16.13,15
645,5/8/2021,1954,16.15,13
646,5/7/2021,2142,16.17,12
647,5/6/2021,1844,16.19,14
648,5/5/2021,1814,16.21,14
649,5/4/2021,2345,16.23,11
650,5/3/2021,2876,16.25,9
651,5/2/2021,2336,16.27,11
652,5/1/2021,1765,16.29,14
653,4/30/2021,1194,16.31,21
654,4/29/2021,1654,16.33,15
655,4/28/2021,2083,16.35,13
656,4/27/2021,1706,16.37,14
657,4/26/2021,3383,16.39,7
658,4/25/2021,2662,16.41,10
659,4/24/2021,2805,16.43,9
660,4/23/2021,2679,16.45,10
661,4/22/2021,2554,16.47,10
662,4/21/2021,3109,16.49,8
663,4/20/2021,2187,16.35,12
664,4/19/2021,1572,16.23,15
665,4/18/2021,1954,16.11,13
666,4/17/2021,2336,15.99,11
667,4/16/2021,1898,16.09,13
668,4/15/2021,2253,16.18,12
669,4/14/2021,2608,16.27,10
670,4/13/2021,2613,16.36,10
671,4/12/2021,2617,16.45,10
672,4/11/2021,2376,16.54,11
673,4/10/2021,3281,16.63,7
674,4/9/2021,4186,16.72,6
675,4/8/2021,4223,16.81,6
676,4/7/2021,3492,16.9,7
677,4/6/2021,2762,16.99,9
678,4/5/2021,3657,16.49,7
679,4/4/2021,3211,15.99,7
680,4/3/2021,2766,15.49,9
681,4/2/2021,2479,14.99,11
682,4/1/2021,3017,15.19,8
683,3/31/2021,2397,15.31,11
684,3/30/2021,3234,15.43,7
685,3/29/2021,4070,15.55,7
686,3/28/2021,4305,15.67,6
687,3/27/2021,4540,15.79,6
688,3/26/2021,2439,15.91,11
689,3/25/2021,2875,16.03,9
690,3/24/2021,4495,16.15,6
691,3/23/2021,6204,16.27,4
692,3/22/2021,7911,16.39,3
693,3/21/2021,9618,16.51,2
694,3/20/2021,9618,16.63,2
695,3/19/2021,9618,16.75,2
696,3/18/2021,9618,16.87,2
697,3/17/2021,9618,16.99,2
698,3/16/2021,9618,17.43,2
699,3/15/2021,9618,17.7,2
700,3/13/2021,9618,17.97,2
701,3/12/2021,9618,18.24,2
702,3/11/2021,9618,18.51,2
703,3/10/2021,9618,18.78,2
704,3/9/2021,9618,19.05,2
705,3/8/2021,9618,19.32,2
706,3/7/2021,9618,19.59,2
707,3/6/2021,9618,19.86,2
708,3/5/2021,9618,20.13,2
709,3/4/2021,9618,20.4,2
710,3/3/2021,9618,20.67,2
711,3/2/2021,9618,20.94,2
712,3/1/2021,9618,21.21,2
713,2/28/2021,9618,21.48,2
714,2/27/2021,9618,21.75,2
715,2/26/2021,9618,22.02,2
716,2/25/2021,9618,22.29,2
717,2/24/2021,9618,22.56,2
718,2/23/2021,9618,22.83,2
719,2/22/2021,9618,23.1,2
720,2/21/2021,9618,23.37,2
721,2/20/2021,9618,23.64,2
722,2/19/2021,9618,23.91,2
723,2/18/2021,9618,24.18,2
724,2/17/2021,9618,24.45,2
725,2/16/2021,9618,24.72,2
726,2/15/2021,9618,24.99,2
