#,Date,Rank,Price,Sales
1,2/10/2023,1857,24.95,14
2,2/9/2023,2141,24.95,12
3,2/8/2023,2032,24.95,13
4,2/7/2023,1790,24.95,14
5,2/6/2023,2084,24.95,13
6,2/5/2023,1718,24.95,14
7,2/4/2023,1637,24.95,15
8,2/3/2023,1401,24.95,18
9,2/2/2023,1015,24.95,24
10,2/1/2023,1257,24.95,20
11,1/31/2023,1548,24.95,16
12,1/30/2023,1875,24.95,14
13,1/29/2023,1527,24.95,16
14,1/28/2023,1213,24.95,21
15,1/27/2023,1530,24.95,16
16,1/26/2023,1628,24.95,15
17,1/25/2023,1055,24.95,24
18,1/24/2023,1271,24.95,20
19,1/23/2023,1301,24.95,20
20,1/22/2023,1360,24.95,19
21,1/21/2023,1179,24.95,22
22,1/20/2023,1165,24.95,22
23,1/19/2023,1247,24.95,21
24,1/18/2023,1252,24.95,21
25,1/17/2023,1213,24.95,21
26,1/16/2023,945,24.95,26
27,1/15/2023,593,24.95,38
28,1/14/2023,565,22.36,39
29,1/13/2023,476,19.8,44
30,1/12/2023,380,17.24,50
31,1/11/2023,319,14.68,58
32,1/10/2023,362,12.12,53
33,1/9/2023,472,9.56,44
34,1/8/2023,517,7,42
35,1/7/2023,636,8.03,36
36,1/6/2023,766,8.97,30
37,1/5/2023,1024,9.91,24
38,1/4/2023,1186,10.85,22
39,1/3/2023,1552,11.79,16
40,1/2/2023,1834,12.73,14
41,1/1/2023,1702,13.67,14
42,12/31/2022,1354,14.61,19
43,12/30/2022,1407,15.55,18
44,12/29/2022,1043,16.49,24
45,12/28/2022,1874,17.43,14
46,12/27/2022,1978,18.37,13
47,12/26/2022,2093,19.31,13
48,12/25/2022,1331,20.25,19
49,12/24/2022,1133,21.19,22
50,12/23/2022,935,22.13,26
51,12/22/2022,881,23.07,27
52,12/21/2022,844,24.01,27
53,12/20/2022,833,24.95,27
54,12/19/2022,552,25.95,40
55,12/18/2022,566,26.95,39
56,12/17/2022,606,23.6,37
57,12/16/2022,608,20.28,37
58,12/15/2022,653,16.96,35
59,12/14/2022,913,13.64,26
60,12/13/2022,1504,10.32,16
61,12/12/2022,2318,7,12
62,12/11/2022,2569,24.95,10
63,12/10/2022,2472,24.95,11
64,12/9/2022,1703,24.95,14
65,12/8/2022,1661,24.95,15
66,12/7/2022,1184,24.95,22
67,12/6/2022,1701,24.95,14
68,12/5/2022,1788,24.95,14
69,12/4/2022,1715,25.35,14
70,12/3/2022,1958,25.51,13
71,12/2/2022,2226,25.67,12
72,12/1/2022,1942,25.83,13
73,11/30/2022,1976,25.99,13
74,11/29/2022,1620,26.15,15
75,11/28/2022,1895,26.31,14
76,11/27/2022,1641,26.47,15
77,11/26/2022,1308,26.63,20
78,11/25/2022,1589,26.79,15
79,11/24/2022,1869,26.95,14
80,11/23/2022,1801,27.11,14
81,11/22/2022,1916,27.27,13
82,11/21/2022,1550,27.43,16
83,11/20/2022,1457,27.59,17
84,11/19/2022,1493,27.75,17
85,11/18/2022,1220,27.91,21
86,11/17/2022,1218,28.07,21
87,11/16/2022,1048,28.23,24
88,11/15/2022,1077,28.39,23
89,11/14/2022,895,28.55,26
90,11/13/2022,1047,28.71,24
91,11/12/2022,1144,28.87,22
92,11/11/2022,1456,29.03,17
93,11/10/2022,1444,29.19,17
94,11/9/2022,1382,29.35,18
95,11/8/2022,1522,29.51,16
96,11/7/2022,1715,29.67,14
97,11/6/2022,2046,29.83,13
98,11/6/2022,2376,29.99,11
99,11/5/2022,2454,30.15,11
100,11/4/2022,2174,30.31,12
101,11/3/2022,2116,30.47,12
102,11/2/2022,2153,30.63,12
103,11/1/2022,1636,30.79,15
104,10/31/2022,1276,30.95,20
105,10/30/2022,1796,30.37,14
106,10/29/2022,1822,29.8,14
107,10/28/2022,1746,29.23,14
108,10/27/2022,1717,28.66,14
109,10/26/2022,1851,28.09,14
110,10/25/2022,1599,27.52,15
111,10/24/2022,1584,26.95,15
112,10/23/2022,1972,26.95,13
113,10/22/2022,1915,26.95,13
114,10/21/2022,1670,26.95,15
115,10/20/2022,2232,26.95,12
116,10/19/2022,2111,26.95,13
117,10/18/2022,1398,26.95,18
118,10/17/2022,1566,26.95,15
119,10/16/2022,1514,26.95,16
120,10/15/2022,1662,26.95,15
121,10/14/2022,1829,26.95,14
122,10/13/2022,2210,26.95,12
123,10/12/2022,2042,26.95,13
124,10/11/2022,1691,26.95,14
125,10/10/2022,1280,26.95,20
126,10/9/2022,1184,26.95,22
127,10/8/2022,1105,26.95,23
128,10/7/2022,1026,26.65,24
129,10/6/2022,1079,26.36,23
130,10/5/2022,968,26.07,25
131,10/4/2022,1046,25.78,24
132,10/3/2022,1242,25.49,21
133,10/2/2022,1350,25.2,19
134,10/1/2022,1308,24.91,20
135,9/30/2022,1707,24.62,14
136,9/29/2022,1511,24.33,16
137,9/28/2022,1293,24.04,20
138,9/27/2022,1070,23.75,24
139,9/26/2022,1022,23.46,24
140,9/25/2022,937,23.17,26
141,9/24/2022,1003,22.88,25
142,9/23/2022,1068,22.59,24
143,9/22/2022,851,22.3,27
144,9/21/2022,828,22.01,27
145,9/20/2022,832,21.72,27
146,9/19/2022,755,21.43,30
147,9/18/2022,812,21.14,28
148,9/17/2022,862,20.85,27
149,9/16/2022,757,20.56,30
150,9/15/2022,648,20.27,35
151,9/14/2022,776,19.98,29
152,9/13/2022,881,19.69,27
153,9/12/2022,890,19.4,26
154,9/11/2022,623,19.11,37
155,9/10/2022,543,18.82,40
156,9/9/2022,481,18.53,43
157,9/8/2022,586,18.24,38
158,9/7/2022,458,17.95,45
159,9/6/2022,464,18.22,44
160,9/5/2022,536,18.25,41
161,9/4/2022,529,18.28,41
162,9/3/2022,544,18.31,40
163,9/2/2022,460,18.34,45
164,9/1/2022,723,18.37,32
165,8/31/2022,686,18.4,33
166,8/30/2022,664,18.43,35
167,8/29/2022,679,18.46,34
168,8/28/2022,744,18.49,31
169,8/27/2022,848,18.52,27
170,8/26/2022,745,18.55,31
171,8/25/2022,755,18.58,30
172,8/24/2022,660,18.61,35
173,8/23/2022,735,18.64,31
174,8/22/2022,809,18.67,28
175,8/21/2022,1017,18.7,24
176,8/20/2022,1009,18.73,25
177,8/19/2022,1017,18.76,24
178,8/18/2022,876,18.79,27
179,8/17/2022,1096,18.82,23
180,8/16/2022,997,18.85,25
181,8/15/2022,1186,18.88,22
182,8/14/2022,1202,18.91,21
183,8/13/2022,1059,18.94,24
184,8/12/2022,1094,18.97,23
185,8/11/2022,1074,19,23
186,8/10/2022,935,19.03,26
187,8/9/2022,867,19.06,27
188,8/8/2022,1145,19.09,22
189,8/7/2022,967,19.12,25
190,8/6/2022,977,19.15,25
191,8/5/2022,1117,19.18,23
192,8/4/2022,1026,19.21,24
193,8/3/2022,1123,19.24,23
194,8/2/2022,837,19.27,27
195,8/1/2022,1004,19.3,25
196,7/31/2022,952,19.33,25
197,7/30/2022,532,19.36,41
198,7/29/2022,277,19.39,64
199,7/28/2022,315,19.42,59
200,7/27/2022,347,19.45,55
201,7/26/2022,349,19.48,54
202,7/25/2022,352,19.51,54
203,7/24/2022,396,19.54,48
204,7/23/2022,440,19.57,45
205,7/22/2022,459,19.6,45
206,7/21/2022,549,19.63,40
207,7/20/2022,615,19.66,37
208,7/19/2022,646,19.69,35
209,7/18/2022,614,19.72,37
210,7/17/2022,610,19.75,37
211,7/16/2022,606,19.78,37
212,7/15/2022,729,19.81,31
213,7/14/2022,984,19.84,25
214,7/13/2022,1184,19.87,22
215,7/12/2022,1037,19.9,24
216,7/11/2022,1118,19.93,23
217,7/10/2022,1000,19.96,25
218,7/9/2022,1070,19.99,24
219,7/8/2022,1340,20.02,19
220,7/7/2022,1380,20.05,18
221,7/6/2022,1337,20.08,19
222,7/5/2022,1231,20.11,21
223,7/4/2022,1083,20.14,23
224,7/3/2022,936,20.17,26
225,7/2/2022,1166,20.2,22
226,7/1/2022,913,20.23,26
227,6/30/2022,654,20.26,35
228,6/29/2022,627,20.29,36
229,6/28/2022,655,20.32,35
230,6/27/2022,877,20.35,27
231,6/26/2022,851,20.38,27
232,6/25/2022,799,20.41,28
233,6/24/2022,703,20.44,33
234,6/23/2022,807,20.47,28
235,6/22/2022,791,20.5,28
236,6/21/2022,952,20.53,25
237,6/20/2022,932,20.56,26
238,6/19/2022,827,20.59,27
239,6/18/2022,1011,20.62,24
240,6/17/2022,1033,20.65,24
241,6/16/2022,988,20.68,25
242,6/15/2022,874,20.71,27
243,6/14/2022,1089,20.74,23
244,6/13/2022,1146,20.77,22
245,6/12/2022,1255,20.8,21
246,6/11/2022,1123,20.83,23
247,6/10/2022,923,20.86,26
248,6/9/2022,758,20.89,30
249,6/8/2022,688,20.92,33
250,6/7/2022,900,20.95,26
251,6/6/2022,713,21.49,32
252,6/5/2022,772,21.51,29
253,6/4/2022,996,21.53,25
254,6/3/2022,919,21.55,26
255,6/2/2022,841,21.57,27
256,6/1/2022,803,21.59,28
257,5/31/2022,970,21.61,25
258,5/30/2022,908,21.63,26
259,5/29/2022,835,21.65,27
260,5/28/2022,978,21.67,25
261,5/27/2022,797,21.69,28
262,5/26/2022,838,21.71,27
263,5/25/2022,770,21.73,29
264,5/24/2022,814,21.75,28
265,5/23/2022,805,21.77,28
266,5/22/2022,800,21.79,28
267,5/21/2022,778,21.81,29
268,5/20/2022,947,21.83,26
269,5/19/2022,895,21.85,26
270,5/18/2022,732,21.87,31
271,5/17/2022,773,21.89,29
272,5/16/2022,729,21.91,31
273,5/15/2022,659,21.93,35
274,5/14/2022,672,21.95,34
275,5/13/2022,625,21.97,36
276,5/12/2022,623,21.99,37
277,5/11/2022,713,22.01,32
278,5/10/2022,644,22.03,36
279,5/9/2022,529,22.05,41
280,5/8/2022,686,22.07,33
281,5/7/2022,674,22.09,34
282,5/6/2022,665,22.11,35
283,5/5/2022,561,22.13,40
284,5/4/2022,591,22.15,38
285,5/3/2022,562,22.17,40
286,5/2/2022,645,22.19,35
287,5/1/2022,728,22.21,31
288,4/30/2022,873,22.23,27
289,4/29/2022,700,22.25,33
290,4/28/2022,631,22.27,36
291,4/27/2022,581,22.29,39
292,4/26/2022,586,22.31,38
293,4/25/2022,612,22.33,37
294,4/24/2022,578,22.35,39
295,4/23/2022,631,22.37,36
296,4/22/2022,529,22.39,41
297,4/21/2022,618,22.41,37
298,4/20/2022,565,22.43,39
299,4/19/2022,634,22.45,36
300,4/18/2022,530,22.47,41
301,4/17/2022,521,22.49,42
302,4/16/2022,509,22.51,42
303,4/15/2022,470,22.53,44
304,4/14/2022,460,22.55,45
305,4/13/2022,450,22.57,45
306,4/12/2022,503,22.59,42
307,4/11/2022,516,22.61,42
308,4/10/2022,447,22.63,45
309,4/9/2022,569,22.65,39
310,4/8/2022,418,22.67,47
311,4/7/2022,324,22.69,58
312,4/6/2022,398,22.71,48
313,4/5/2022,499,22.73,43
314,4/4/2022,431,22.75,46
315,4/3/2022,439,22.77,46
316,4/2/2022,496,22.79,43
317,4/1/2022,479,22.81,44
318,3/31/2022,472,22.83,44
319,3/30/2022,466,22.85,44
320,3/29/2022,569,22.87,39
321,3/28/2022,667,22.89,34
322,3/27/2022,542,22.91,41
323,3/26/2022,585,22.93,38
324,3/25/2022,532,22.95,41
325,3/24/2022,479,26.95,44
326,3/23/2022,529,26.63,41
327,3/22/2022,470,26.44,44
328,3/21/2022,438,26.25,46
329,3/20/2022,407,26.06,47
330,3/19/2022,457,25.87,45
331,3/18/2022,506,25.68,42
332,3/17/2022,437,25.49,46
333,3/16/2022,377,25.3,51
334,3/15/2022,333,25.11,56
335,3/14/2022,348,24.92,54
336,3/12/2022,396,24.73,48
337,3/11/2022,320,24.54,58
338,3/10/2022,287,24.35,63
339,3/9/2022,241,24.16,69
340,3/8/2022,234,23.97,70
341,3/7/2022,178,21.73,82
342,3/6/2022,116,19.5,105
343,3/5/2022,119,18.59,104
344,3/4/2022,113,17.68,106
345,3/3/2022,119,16.77,104
346,3/2/2022,174,15.86,84
347,3/1/2022,229,14.95,71
348,2/28/2022,209,17.45,73
349,2/27/2022,207,19.95,73
350,2/26/2022,207,22.45,73
351,2/25/2022,160,24.95,89
352,2/24/2022,138,23.95,97
353,2/23/2022,117,22.95,105
354,2/22/2022,91,21.95,119
355,2/21/2022,100,20.95,111
356,2/20/2022,115,19.95,105
357,2/19/2022,138,20.35,97
358,2/18/2022,166,20.65,87
359,2/17/2022,162,20.95,88
360,2/16/2022,152,21.25,92
361,2/15/2022,187,21.55,79
362,2/14/2022,181,21.85,81
363,2/13/2022,140,22.15,96
364,2/12/2022,149,22.45,93
365,2/11/2022,127,22.75,101
366,2/10/2022,117,23.05,105
367,2/9/2022,109,23.35,107
368,2/8/2022,73,23.65,135
369,2/7/2022,98,23.95,112
370,2/6/2022,100,24.25,111
371,2/5/2022,90,24.55,120
372,2/4/2022,72,24.85,136
373,2/3/2022,62,25.15,145
374,2/2/2022,57,25.45,149
375,2/1/2022,54,25.75,152
376,1/31/2022,52,26.05,154
377,1/30/2022,49,26.35,159
378,1/29/2022,39,26.65,192
379,1/28/2022,32,26.95,215
380,1/27/2022,22,22.45,248
381,1/26/2022,24,17.95,241
382,1/25/2022,25,18.14,238
383,1/24/2022,30,18.27,221
384,1/23/2022,31,18.4,218
385,1/22/2022,41,18.53,185
386,1/21/2022,32,18.66,215
387,1/20/2022,35,18.79,205
388,1/19/2022,24,18.92,241
389,1/18/2022,22,19.05,248
390,1/17/2022,20,19.18,254
391,1/16/2022,16,19.31,268
392,1/15/2022,18,19.44,261
393,1/14/2022,21,19.57,251
394,1/13/2022,20,19.7,254
395,1/12/2022,17,19.83,264
396,1/11/2022,19,19.96,258
397,1/10/2022,22,20.09,248
398,1/9/2022,25,20.22,238
399,1/8/2022,25,20.35,238
400,1/7/2022,23,20.48,244
401,1/6/2022,23,20.61,244
402,1/5/2022,23,20.74,244
403,1/4/2022,23,20.87,244
404,1/3/2022,16,21,268
405,1/2/2022,17,21.13,264
406,1/1/2022,16,21.26,268
407,12/31/2021,15,21.39,271
408,12/30/2021,13,21.52,277
409,12/29/2021,23,21.65,244
410,12/28/2021,22,21.78,248
411,12/27/2021,29,21.91,225
412,12/26/2021,36,22.04,202
413,12/25/2021,26,22.17,235
414,12/24/2021,15,22.3,271
415,12/23/2021,16,22.43,268
416,12/22/2021,13,22.56,277
417,12/21/2021,9,22.69,300
418,12/20/2021,6,22.82,339
419,12/19/2021,5,22.95,352
420,12/18/2021,5,22.05,352
421,12/17/2021,6,21.2,339
422,12/16/2021,7,20.35,326
423,12/15/2021,8,19.5,313
424,12/14/2021,9,18.65,300
425,12/13/2021,13,17.8,277
426,12/12/2021,18,16.95,261
427,12/11/2021,18,17.55,261
428,12/10/2021,17,18.15,264
429,12/9/2021,18,18.75,261
430,12/8/2021,18,19.35,261
431,12/7/2021,17,19.95,264
432,12/6/2021,16,20.55,268
433,12/5/2021,20,21.15,254
434,12/4/2021,21,21.75,251
435,12/3/2021,19,22.35,258
436,12/2/2021,18,22.95,261
437,12/1/2021,21,22.65,251
438,11/30/2021,25,22.47,238
439,11/29/2021,33,22.29,211
440,11/28/2021,26,22.11,235
441,11/27/2021,30,21.93,221
442,11/26/2021,41,21.75,185
443,11/25/2021,28,21.57,228
444,11/24/2021,21,21.39,251
445,11/23/2021,20,21.21,254
446,11/22/2021,21,21.03,251
447,11/21/2021,24,20.85,241
448,11/20/2021,23,20.67,244
449,11/19/2021,20,20.49,254
450,11/18/2021,22,20.31,248
451,11/17/2021,28,20.13,228
452,11/16/2021,35,19.95,205
453,11/15/2021,28,20.05,228
454,11/14/2021,35,20.15,205
455,11/13/2021,38,20.25,195
456,11/12/2021,35,20.35,205
457,11/11/2021,35,20.45,205
458,11/10/2021,25,20.55,238
459,11/9/2021,28,20.65,228
460,11/8/2021,30,20.75,221
461,11/7/2021,34,20.85,208
462,11/7/2021,36,20.95,202
463,11/6/2021,32,21.05,215
464,11/5/2021,33,21.15,211
465,11/4/2021,31,21.25,218
466,11/3/2021,23,21.35,244
467,11/2/2021,28,21.45,228
468,11/1/2021,32,21.55,215
469,10/31/2021,36,21.65,202
470,10/30/2021,30,21.75,221
471,10/29/2021,26,21.85,235
472,10/28/2021,23,21.95,244
473,10/27/2021,27,22.05,231
474,10/26/2021,30,22.15,221
475,10/25/2021,29,22.25,225
476,10/24/2021,25,22.35,238
477,10/23/2021,21,22.45,251
478,10/22/2021,18,22.55,261
479,10/21/2021,22,22.65,248
480,10/20/2021,25,22.75,238
481,10/19/2021,20,22.85,254
482,10/18/2021,23,22.95,244
483,10/17/2021,26,23.05,235
484,10/16/2021,26,23.15,235
485,10/15/2021,24,23.25,241
486,10/14/2021,22,23.35,248
487,10/13/2021,19,23.45,258
488,10/12/2021,18,23.55,261
489,10/11/2021,20,23.65,254
490,10/10/2021,19,23.75,258
491,10/9/2021,18,23.85,261
492,10/8/2021,14,23.95,274
493,10/7/2021,13,24.05,277
494,10/6/2021,15,24.15,271
495,10/5/2021,17,24.25,264
496,10/4/2021,17,24.35,264
497,10/3/2021,18,24.45,261
498,10/2/2021,25,24.55,238
499,10/1/2021,34,24.65,208
500,9/30/2021,41,24.75,185
501,9/29/2021,42,24.85,182
502,9/28/2021,137,24.95,97
503,9/27/2021,159,24.95,89
504,9/26/2021,180,24.95,82
505,9/25/2021,136,24.95,98
506,9/24/2021,93,24.95,117
507,9/23/2021,77,24.95,131
508,9/22/2021,306,24.95,60
509,9/21/2021,534,24.95,41
510,9/20/2021,482,24.95,43
511,9/19/2021,402,24.95,47
512,9/18/2021,406,24.95,47
513,9/17/2021,391,24.95,49
514,9/16/2021,333,24.95,56
515,9/15/2021,326,24.95,57
516,9/14/2021,315,24.95,59
517,9/13/2021,278,24.95,64
518,9/12/2021,216,24.95,72
519,9/11/2021,185,24.95,80
520,9/10/2021,126,24.95,101
521,9/9/2021,89,24.95,121
522,9/8/2021,66,24.95,141
523,9/7/2021,58,24.95,148
524,9/6/2021,52,24.95,154
525,9/5/2021,55,24.95,151
526,9/4/2021,50,24.95,155
527,9/3/2021,47,24.95,165
528,9/2/2021,42,24.95,182
529,9/1/2021,30,24.95,221
530,8/31/2021,30,24.95,221
531,8/30/2021,50,24.95,155
532,8/29/2021,52,24.95,154
533,8/28/2021,71,24.95,137
534,8/27/2021,59,24.95,147
535,8/26/2021,32,24.95,215
536,8/25/2021,44,24.95,175
537,8/24/2021,94,24.95,116
538,8/23/2021,44,24.95,175
539,8/22/2021,43,24.95,178
540,8/21/2021,39,24.95,192
541,8/20/2021,31,24.95,218
542,8/19/2021,26,24.95,235
543,8/18/2021,28,24.95,228
544,8/17/2021,29,24.95,225
545,8/16/2021,35,24.95,205
546,8/15/2021,39,24.95,192
547,8/14/2021,43,24.95,178
548,8/13/2021,38,24.95,195
549,8/12/2021,32,24.95,215
550,8/11/2021,29,24.95,225
551,8/10/2021,32,24.95,215
552,8/9/2021,35,24.95,205
553,8/8/2021,37,24.95,198
554,8/7/2021,44,24.95,175
555,8/6/2021,28,24.95,228
556,8/5/2021,27,24.49,231
557,8/4/2021,32,24.04,215
558,8/3/2021,45,23.59,172
559,8/2/2021,38,23.14,195
560,8/1/2021,39,22.69,192
561,7/31/2021,34,22.24,208
562,7/30/2021,40,21.79,188
563,7/29/2021,46,21.34,169
564,7/28/2021,54,20.89,152
565,7/27/2021,50,20.44,155
566,7/26/2021,32,19.99,215
567,7/25/2021,35,19.11,205
568,7/24/2021,34,18.26,208
569,7/23/2021,37,17.41,198
570,7/22/2021,32,16.56,215
571,7/21/2021,36,15.71,202
572,7/20/2021,38,14.86,195
573,7/19/2021,55,14.01,151
574,7/18/2021,63,16.91,144
575,7/17/2021,70,19.8,137
576,7/16/2021,71,19.84,137
577,7/15/2021,67,19.85,140
578,7/14/2021,54,19.86,152
579,7/13/2021,52,19.87,154
580,7/12/2021,62,19.88,145
581,7/11/2021,72,19.89,136
582,7/10/2021,61,19.9,145
583,7/9/2021,58,19.91,148
584,7/8/2021,53,19.92,153
585,7/7/2021,54,19.93,152
586,7/6/2021,52,19.94,154
587,7/5/2021,51,19.95,154
588,7/4/2021,67,19.96,140
589,7/3/2021,61,19.97,145
590,7/2/2021,61,19.98,145
591,7/1/2021,60,19.99,146
592,6/30/2021,65,21.23,142
593,6/29/2021,59,22.47,147
594,6/28/2021,55,23.71,151
595,6/27/2021,57,24.95,149
596,6/26/2021,55,19.95,151
597,6/25/2021,56,20.04,150
598,6/24/2021,62,20.07,145
599,6/23/2021,50,20.1,155
600,6/22/2021,47,20.13,165
601,6/21/2021,57,20.16,149
602,6/20/2021,54,20.19,152
603,6/19/2021,48,20.22,162
604,6/18/2021,43,20.25,178
605,6/17/2021,33,9.99,211
606,6/16/2021,31,14.98,218
607,6/15/2021,21,19.96,251
608,6/14/2021,31,9.95,218
609,6/13/2021,41,12.92,185
610,6/12/2021,48,15.88,162
611,6/11/2021,74,18.84,134
612,6/10/2021,86,21.8,123
613,6/9/2021,46,21.71,169
614,6/8/2021,43,21.63,178
615,6/7/2021,52,21.55,154
616,6/6/2021,50,21.47,155
617,6/5/2021,46,21.39,169
618,6/4/2021,38,21.31,195
619,6/3/2021,39,21.23,192
620,6/2/2021,39,21.15,192
621,6/1/2021,36,21.07,202
622,5/31/2021,34,20.99,208
623,5/30/2021,28,20.91,228
624,5/29/2021,34,20.83,208
625,5/28/2021,40,20.75,188
626,5/27/2021,40,20.67,188
627,5/26/2021,43,20.59,178
628,5/25/2021,35,20.51,205
629,5/24/2021,34,20.43,208
630,5/23/2021,30,20.35,221
631,5/22/2021,27,20.27,231
632,5/21/2021,19,20.19,258
633,5/20/2021,21,20.11,251
634,5/19/2021,15,20.03,271
635,5/18/2021,10,19.95,287
636,5/17/2021,6,19.46,339
637,5/16/2021,12,18.98,281
638,5/15/2021,7,18.5,326
639,5/14/2021,9,18.02,300
640,5/13/2021,8,17.54,313
641,5/12/2021,8,17.06,313
642,5/11/2021,12,16.58,281
643,5/10/2021,16,16.1,268
644,5/9/2021,22,16.75,248
645,5/8/2021,19,17.39,258
646,5/7/2021,19,18.03,258
647,5/6/2021,18,18.67,261
648,5/5/2021,13,19.31,277
649,5/4/2021,11,19.95,284
650,5/3/2021,7,23.27,326
651,5/2/2021,11,9.95,284
652,5/1/2021,13,16.95,277
653,4/30/2021,14,17.95,274
654,4/29/2021,26,18.95,235
655,4/28/2021,31,22.75,218
656,4/27/2021,27,23.8,231
657,4/26/2021,29,24.85,225
658,4/25/2021,28,25.9,228
659,4/24/2021,27,26.95,231
660,4/23/2021,22,25.89,248
661,4/22/2021,34,24.85,208
662,4/21/2021,21,23.81,251
663,4/20/2021,13,22.77,277
664,4/19/2021,13,22.49,277
665,4/18/2021,16,22.22,268
666,4/17/2021,14,21.95,274
667,4/16/2021,20,22.39,254
668,4/15/2021,15,22.77,271
669,4/14/2021,14,23.15,274
670,4/13/2021,18,23.53,261
671,4/12/2021,15,23.91,271
672,4/11/2021,11,24.29,284
673,4/10/2021,11,24.67,284
674,4/9/2021,10,25.05,287
675,4/8/2021,6,25.43,339
676,4/7/2021,8,25.81,313
677,4/6/2021,9,26.19,300
678,4/5/2021,8,26.57,313
679,4/4/2021,8,26.95,313
680,4/3/2021,9,23.8,300
681,4/2/2021,11,22.83,284
682,4/1/2021,8,21.87,313
683,3/31/2021,7,20.91,326
684,3/30/2021,8,19.95,313
685,3/29/2021,11,22.29,284
686,3/28/2021,9,24.62,300
687,3/27/2021,11,26.95,284
688,3/26/2021,9,20.8,300
689,3/25/2021,7,21.34,326
690,3/24/2021,5,21.86,352
691,3/23/2021,6,22.38,339
692,3/22/2021,14,22.9,274
693,3/21/2021,14,22.9,274
694,3/20/2021,13,22.9,277
695,3/19/2021,13,22.9,277
696,3/18/2021,15,22.9,271
697,3/17/2021,15,22.9,271
698,3/16/2021,16,22.9,268
699,3/15/2021,20,22.9,254
700,3/13/2021,22,22.9,248
701,3/12/2021,18,22.9,261
702,3/11/2021,14,22.9,274
703,3/10/2021,26,22.9,235
704,3/9/2021,18,22.9,261
705,3/8/2021,11,22.9,284
706,3/7/2021,11,22.9,284
707,3/6/2021,8,22.9,313
708,3/5/2021,9,22.9,300
709,3/4/2021,9,22.9,300
710,3/3/2021,7,22.9,326
711,3/2/2021,7,22.9,326
712,3/1/2021,8,22.9,313
713,2/28/2021,7,22.9,326
714,2/27/2021,6,22.9,339
715,2/26/2021,7,22.9,326
716,2/25/2021,8,22.9,313
717,2/24/2021,5,22.9,352
718,2/23/2021,4,22.9,392
719,2/22/2021,6,22.9,339
720,2/21/2021,9,22.9,300
721,2/20/2021,7,22.9,326
722,2/19/2021,6,22.9,339
723,2/18/2021,6,22.9,339
724,2/17/2021,6,22.9,339
725,2/16/2021,5,22.9,352
726,2/15/2021,6,22.9,339
727,2/14/2021,7,22.9,326
728,2/13/2021,7,22.9,326
729,2/12/2021,7,22.9,326
730,2/11/2021,7,22.9,326
