#,Date,Rank,Price,Sales
1,2/10/2023,3976,27.95,7
2,2/9/2023,4090,27.95,6
3,2/8/2023,2951,27.95,9
4,2/7/2023,2977,27.95,8
5,2/6/2023,3597,27.95,7
6,2/5/2023,3500,27.95,7
7,2/4/2023,2015,27.95,13
8,2/3/2023,3073,27.95,8
9,2/2/2023,3422,27.95,7
10,2/1/2023,3632,27.95,7
11,1/31/2023,3822,27.95,7
12,1/30/2023,3710,27.95,7
13,1/29/2023,2934,27.95,9
14,1/28/2023,2612,27.95,10
15,1/27/2023,2358,27.95,11
16,1/26/2023,2776,27.95,9
17,1/25/2023,3194,27.95,7
18,1/24/2023,3356,27.95,7
19,1/23/2023,3095,27.95,8
20,1/22/2023,4831,27.95,6
21,1/21/2023,4161,27.95,6
22,1/20/2023,3245,27.95,7
23,1/19/2023,2595,27.95,10
24,1/18/2023,3201,27.95,7
25,1/17/2023,3250,27.95,7
26,1/16/2023,2222,27.95,12
27,1/15/2023,2211,27.95,12
28,1/14/2023,2501,27.95,11
29,1/13/2023,1945,27.95,13
30,1/12/2023,1375,27.95,19
31,1/11/2023,1656,27.95,15
32,1/10/2023,1809,27.95,14
33,1/9/2023,1816,27.95,14
34,1/8/2023,1866,27.95,14
35,1/7/2023,1788,27.95,14
36,1/6/2023,1937,27.95,13
37,1/5/2023,2170,27.95,12
38,1/4/2023,2291,27.95,12
39,1/3/2023,1842,27.95,14
40,1/2/2023,1777,27.95,14
41,1/1/2023,2381,27.95,11
42,12/31/2022,2172,27.95,12
43,12/30/2022,2499,27.95,11
44,12/29/2022,2395,27.95,11
45,12/28/2022,2355,27.95,11
46,12/27/2022,2582,27.95,10
47,12/26/2022,3228,27.95,7
48,12/25/2022,2724,27.95,10
49,12/24/2022,2592,27.95,10
50,12/23/2022,2386,27.95,11
51,12/22/2022,1746,27.95,14
52,12/21/2022,1502,27.95,16
53,12/20/2022,1203,27.95,21
54,12/19/2022,1326,27.95,19
55,12/18/2022,2315,27.95,12
56,12/17/2022,5464,23.75,5
57,12/16/2022,10609,23.75,2
58,12/15/2022,8628,23.75,2
59,12/14/2022,6647,23.75,4
60,12/13/2022,4666,23.75,6
61,12/12/2022,2685,23.75,10
62,12/11/2022,3164,24.15,8
63,12/10/2022,2309,24.53,12
64,12/9/2022,2939,24.91,9
65,12/8/2022,2853,25.29,9
66,12/7/2022,2885,25.67,9
67,12/6/2022,2809,26.05,9
68,12/5/2022,3007,26.43,8
69,12/4/2022,2571,26.81,10
70,12/3/2022,2933,27.19,9
71,12/2/2022,2850,27.57,9
72,12/1/2022,2940,27.95,9
73,11/30/2022,2568,28.44,10
74,11/29/2022,2406,28.85,11
75,11/28/2022,1835,29.26,14
76,11/27/2022,2243,29.67,12
77,11/26/2022,2181,30.08,12
78,11/25/2022,1834,30.49,14
79,11/24/2022,2233,30.9,12
80,11/23/2022,2459,31.31,11
81,11/22/2022,1771,31.72,14
82,11/21/2022,1634,32.13,15
83,11/20/2022,1682,32.54,15
84,11/19/2022,1656,32.95,15
85,11/18/2022,1136,33.95,22
86,11/17/2022,964,34.95,25
87,11/16/2022,613,35.95,37
88,11/15/2022,471,36.95,44
89,11/14/2022,297,37.95,61
90,11/13/2022,622,35.95,37
91,11/12/2022,1114,34.95,23
92,11/11/2022,989,33.95,25
93,11/10/2022,777,32.95,29
94,11/9/2022,1478,32.71,17
95,11/8/2022,1869,32.54,14
96,11/7/2022,2947,32.37,9
97,11/6/2022,2436,32.2,11
98,11/6/2022,2448,32.03,11
99,11/5/2022,1915,31.86,13
100,11/4/2022,1942,31.69,13
101,11/3/2022,2163,31.52,12
102,11/2/2022,2033,31.35,13
103,11/1/2022,2036,31.18,13
104,10/31/2022,2429,31.01,11
105,10/30/2022,2305,30.84,12
106,10/29/2022,1908,30.67,13
107,10/28/2022,1814,30.5,14
108,10/27/2022,2517,30.33,11
109,10/26/2022,2714,30.16,10
110,10/25/2022,2605,29.99,10
111,10/24/2022,2680,29.82,10
112,10/23/2022,3141,29.65,8
113,10/22/2022,2633,29.48,10
114,10/21/2022,2394,29.31,11
115,10/20/2022,2580,29.14,10
116,10/19/2022,2575,28.97,10
117,10/18/2022,2507,28.8,11
118,10/17/2022,2714,28.63,10
119,10/16/2022,2704,28.46,10
120,10/15/2022,2743,28.29,10
121,10/14/2022,3138,28.12,8
122,10/13/2022,3113,27.95,8
123,10/12/2022,2798,28.63,9
124,10/11/2022,3503,29.29,7
125,10/10/2022,2519,29.95,11
126,10/9/2022,2867,29.51,9
127,10/8/2022,3372,29.48,7
128,10/7/2022,4357,29.45,6
129,10/6/2022,7466,29.42,3
130,10/5/2022,5526,29.39,5
131,10/4/2022,4842,29.36,6
132,10/3/2022,4390,29.33,6
133,10/2/2022,3482,29.3,7
134,10/1/2022,3621,29.27,7
135,9/30/2022,4616,29.24,6
136,9/29/2022,3840,29.21,7
137,9/28/2022,2749,29.18,10
138,9/27/2022,2208,29.15,12
139,9/26/2022,3338,29.12,7
140,9/25/2022,2622,29.09,10
141,9/24/2022,2625,29.06,10
142,9/23/2022,2627,29.03,10
143,9/22/2022,3191,29,7
144,9/21/2022,3856,28.97,7
145,9/20/2022,4520,28.94,6
146,9/19/2022,2807,28.91,9
147,9/18/2022,3203,28.88,7
148,9/17/2022,2027,28.85,13
149,9/16/2022,2642,28.82,10
150,9/15/2022,2426,28.79,11
151,9/14/2022,4729,28.76,6
152,9/13/2022,10057,28.73,2
153,9/12/2022,9970,28.7,2
154,9/11/2022,18714,28.67,0
155,9/10/2022,13673,28.64,1
156,9/9/2022,10956,28.61,2
157,9/8/2022,11787,28.58,1
158,9/7/2022,12224,28.55,1
159,9/6/2022,13833,28.52,0
160,9/5/2022,7316,28.49,3
161,9/4/2022,13283,28.46,1
162,9/3/2022,8115,28.43,3
163,9/2/2022,9829,28.4,2
164,9/1/2022,8899,28.37,2
165,8/31/2022,9037,28.34,2
166,8/30/2022,7272,28.31,3
167,8/29/2022,8571,28.28,2
168,8/28/2022,10666,28.25,2
169,8/27/2022,12917,28.22,1
170,8/26/2022,16506,28.19,0
171,8/25/2022,13749,28.16,0
172,8/24/2022,14415,28.13,0
173,8/23/2022,13345,28.1,1
174,8/22/2022,12932,28.07,1
175,8/21/2022,12520,28.04,1
176,8/20/2022,9671,28.01,2
177,8/19/2022,14425,27.98,0
178,8/18/2022,15661,27.95,0
179,8/17/2022,31216,28.3,0
180,8/16/2022,27801,28.63,0
181,8/15/2022,24784,28.96,0
182,8/14/2022,21768,29.29,0
183,8/13/2022,24362,29.62,0
184,8/12/2022,26956,29.95,0
185,8/11/2022,25599,28.2,0
186,8/10/2022,29057,26.45,0
187,8/9/2022,29764,24.7,0
188,8/8/2022,30470,22.95,0
189,8/7/2022,30134,21.7,0
190,8/6/2022,29799,20.45,0
191,8/5/2022,29464,19.2,0
192,8/4/2022,30328,17.95,0
193,8/3/2022,30211,17.95,0
194,8/2/2022,29978,17.95,0
195,8/1/2022,28237,17.95,0
196,7/31/2022,27952,17.95,0
197,7/30/2022,18503,17.95,0
198,7/29/2022,10519,17.95,2
199,7/28/2022,11616,17.95,1
200,7/27/2022,12248,18.15,1
201,7/26/2022,11140,18.27,1
202,7/25/2022,11886,18.39,1
203,7/24/2022,12632,18.51,1
204,7/23/2022,12703,18.63,1
205,7/22/2022,12773,18.75,1
206,7/21/2022,13807,18.87,0
207,7/20/2022,14026,18.99,0
208,7/19/2022,15563,19.11,0
209,7/18/2022,17855,19.23,0
210,7/17/2022,17571,19.35,0
211,7/16/2022,15017,19.47,0
212,7/15/2022,13872,19.59,0
213,7/14/2022,22080,19.71,0
214,7/13/2022,22431,19.83,0
215,7/12/2022,26204,19.95,0
216,7/11/2022,23526,19.77,0
217,7/10/2022,16093,19.63,0
218,7/9/2022,16675,19.49,0
219,7/8/2022,17257,19.35,0
220,7/7/2022,17839,19.21,0
221,7/6/2022,18466,19.07,0
222,7/5/2022,19091,18.93,0
223,7/4/2022,19716,18.79,0
224,7/3/2022,18388,18.65,0
225,7/2/2022,17060,18.51,0
226,7/1/2022,13360,18.37,1
227,6/30/2022,14008,18.23,0
228,6/29/2022,14655,18.09,0
229,6/28/2022,10479,17.95,2
230,6/27/2022,13470,18.27,1
231,6/26/2022,17718,18.29,0
232,6/25/2022,21966,18.31,0
233,6/24/2022,19015,18.33,0
234,6/23/2022,21484,18.35,0
235,6/22/2022,23951,18.37,0
236,6/21/2022,26418,18.39,0
237,6/20/2022,24834,18.41,0
238,6/19/2022,23251,18.43,0
239,6/18/2022,23240,18.45,0
240,6/17/2022,19366,18.47,0
241,6/16/2022,15493,18.49,0
242,6/15/2022,11620,18.51,1
243,6/14/2022,19294,18.53,0
244,6/13/2022,15282,18.55,0
245,6/12/2022,9705,18.57,2
246,6/11/2022,15648,18.59,0
247,6/10/2022,21590,18.61,0
248,6/9/2022,18844,18.63,0
249,6/8/2022,8937,18.65,2
250,6/7/2022,16331,18.67,0
251,6/6/2022,23724,18.69,0
252,6/5/2022,19941,18.71,0
253,6/4/2022,19189,18.73,0
254,6/3/2022,18439,18.75,0
255,6/2/2022,17689,18.77,0
256,6/1/2022,16994,18.79,0
257,5/31/2022,15724,18.81,0
258,5/30/2022,16333,18.83,0
259,5/29/2022,19472,18.85,0
260,5/28/2022,17692,18.87,0
261,5/27/2022,17304,18.89,0
262,5/26/2022,16916,18.91,0
263,5/25/2022,16188,18.93,0
264,5/24/2022,15461,18.95,0
265,5/23/2022,15967,18.97,0
266,5/22/2022,16472,18.99,0
267,5/21/2022,18042,19.01,0
268,5/20/2022,15997,19.03,0
269,5/19/2022,10380,19.05,2
270,5/18/2022,23133,19.07,0
271,5/17/2022,18332,19.09,0
272,5/16/2022,15758,19.11,0
273,5/15/2022,8118,19.13,3
274,5/14/2022,10266,19.15,2
275,5/13/2022,11323,19.17,1
276,5/12/2022,12380,19.19,1
277,5/11/2022,12432,19.21,1
278,5/10/2022,23095,19.23,0
279,5/9/2022,18943,19.25,0
280,5/8/2022,14791,19.27,0
281,5/7/2022,16118,19.29,0
282,5/6/2022,10541,19.31,2
283,5/5/2022,10049,19.33,2
284,5/4/2022,9179,19.35,2
285,5/3/2022,8310,19.37,3
286,5/2/2022,9534,19.39,2
287,5/1/2022,16578,19.41,0
288,4/30/2022,11821,19.43,1
289,4/29/2022,9833,19.45,2
290,4/28/2022,7845,19.47,3
291,4/27/2022,8739,19.49,2
292,4/26/2022,9632,19.51,2
293,4/25/2022,11467,19.53,1
294,4/24/2022,13885,19.55,0
295,4/23/2022,16302,19.57,0
296,4/22/2022,12830,19.59,1
297,4/21/2022,9358,19.61,2
298,4/20/2022,15380,19.63,0
299,4/19/2022,14967,19.65,0
300,4/18/2022,14354,19.67,0
301,4/17/2022,13742,19.69,0
302,4/16/2022,13130,19.71,1
303,4/15/2022,12518,19.73,1
304,4/14/2022,11906,19.75,1
305,4/13/2022,10325,19.77,2
306,4/12/2022,13367,19.79,1
307,4/11/2022,9623,19.81,2
308,4/10/2022,10431,19.83,2
309,4/9/2022,7499,19.85,3
310,4/8/2022,10404,19.87,2
311,4/7/2022,13308,19.89,1
312,4/6/2022,10799,19.91,2
313,4/5/2022,8291,19.93,3
314,4/4/2022,5670,19.95,5
315,4/3/2022,9350,19.45,2
316,4/2/2022,8357,18.95,2
317,4/1/2022,7353,18.45,3
318,3/31/2022,7025,17.95,3
319,3/30/2022,6697,17.45,4
320,3/29/2022,6369,16.95,4
321,3/28/2022,9595,17.36,2
322,3/27/2022,12820,17.43,1
323,3/26/2022,11435,17.5,1
324,3/25/2022,11071,17.57,1
325,3/24/2022,10707,17.64,2
326,3/23/2022,9256,17.71,2
327,3/22/2022,7805,17.78,3
328,3/21/2022,6354,17.85,4
329,3/20/2022,6038,17.92,4
330,3/19/2022,6709,17.99,4
331,3/18/2022,7379,18.06,3
332,3/17/2022,8049,18.13,3
333,3/16/2022,8304,18.2,3
334,3/15/2022,8559,18.27,2
335,3/14/2022,8814,18.34,2
336,3/12/2022,9104,18.41,2
337,3/11/2022,9393,18.48,2
338,3/10/2022,8259,18.55,3
339,3/9/2022,7125,18.62,3
340,3/8/2022,5991,18.69,4
341,3/7/2022,5459,18.76,5
342,3/6/2022,3493,18.83,7
343,3/5/2022,6141,18.9,4
344,3/4/2022,5200,18.97,5
345,3/3/2022,5007,19.04,5
346,3/2/2022,3450,19.11,7
347,3/1/2022,5106,19.18,5
348,2/28/2022,3321,19.25,7
349,2/27/2022,4070,19.32,7
350,2/26/2022,3956,19.39,7
351,2/25/2022,3209,19.46,7
352,2/24/2022,2930,19.53,9
353,2/23/2022,3330,19.6,7
354,2/22/2022,3862,19.67,7
355,2/21/2022,4422,19.74,6
356,2/20/2022,5536,19.81,5
357,2/19/2022,5370,19.88,5
358,2/18/2022,5474,19.95,5
359,2/17/2022,4744,20.25,6
360,2/16/2022,3614,20.52,7
361,2/15/2022,3205,20.79,7
362,2/14/2022,3589,21.06,7
363,2/13/2022,3016,21.33,8
364,2/12/2022,2347,21.6,11
365,2/11/2022,4186,21.87,6
366,2/10/2022,3483,22.14,7
367,2/9/2022,3286,22.41,7
368,2/8/2022,2521,22.68,11
369,2/7/2022,2222,22.95,12
370,2/6/2022,2012,22.44,13
371,2/5/2022,1632,21.95,15
372,2/4/2022,2567,21.46,10
373,2/3/2022,740,20.97,31
374,2/2/2022,752,20.48,30
375,2/1/2022,750,19.99,30
376,1/31/2022,1270,19.5,20
377,1/30/2022,1016,19.77,24
378,1/29/2022,915,19.83,26
379,1/28/2022,1029,19.89,24
380,1/27/2022,888,19.95,26
381,1/26/2022,907,20.01,26
382,1/25/2022,1070,20.07,24
383,1/24/2022,1064,20.13,24
384,1/23/2022,1074,20.19,23
385,1/22/2022,998,20.25,25
386,1/21/2022,850,20.31,27
387,1/20/2022,606,20.37,37
388,1/19/2022,513,20.43,42
389,1/18/2022,838,20.49,27
390,1/17/2022,633,20.55,36
391,1/16/2022,992,20.61,25
392,1/15/2022,704,20.67,33
393,1/14/2022,596,20.73,38
394,1/13/2022,528,20.79,41
395,1/12/2022,590,20.85,38
396,1/11/2022,744,20.91,31
397,1/10/2022,736,20.97,31
398,1/9/2022,711,21.03,32
399,1/8/2022,623,21.09,37
400,1/7/2022,536,21.15,41
401,1/6/2022,575,21.21,39
402,1/5/2022,530,21.27,41
403,1/4/2022,541,21.33,41
404,1/3/2022,752,21.39,30
405,1/2/2022,907,21.45,26
406,1/1/2022,589,21.51,38
407,12/31/2021,721,21.57,32
408,12/30/2021,791,21.63,28
409,12/29/2021,1055,21.69,24
410,12/28/2021,1511,21.75,16
411,12/27/2021,1734,21.81,14
412,12/26/2021,1687,21.87,14
413,12/25/2021,1204,21.93,21
414,12/24/2021,1256,21.99,20
415,12/23/2021,1174,22.05,22
416,12/22/2021,1092,22.11,23
417,12/21/2021,707,22.17,32
418,12/20/2021,540,22.23,41
419,12/19/2021,374,22.29,51
420,12/18/2021,502,22.35,42
421,12/17/2021,411,22.41,47
422,12/16/2021,463,22.47,44
423,12/15/2021,711,22.53,32
424,12/14/2021,621,22.59,37
425,12/13/2021,687,22.65,33
426,12/12/2021,611,22.71,37
427,12/11/2021,717,22.77,32
428,12/10/2021,683,22.83,34
429,12/9/2021,801,22.89,28
430,12/8/2021,753,22.95,30
431,12/7/2021,600,25.95,38
432,12/6/2021,447,25.47,45
433,12/5/2021,601,25.05,38
434,12/4/2021,847,24.63,27
435,12/3/2021,776,24.21,29
436,12/2/2021,745,23.79,31
437,12/1/2021,536,23.37,41
438,11/30/2021,617,22.95,37
439,11/29/2021,456,23.55,45
440,11/28/2021,628,24.15,36
441,11/27/2021,620,24.75,37
442,11/26/2021,671,25.35,34
443,11/25/2021,431,25.95,46
444,11/24/2021,496,25.41,43
445,11/23/2021,582,24.87,39
446,11/22/2021,716,24.33,32
447,11/21/2021,757,23.79,30
448,11/20/2021,812,23.25,28
449,11/19/2021,769,22.71,29
450,11/18/2021,563,22.17,39
451,11/17/2021,834,21.63,27
452,11/16/2021,737,21.09,31
453,11/15/2021,873,20.55,27
454,11/14/2021,631,20.85,36
455,11/13/2021,599,21.06,38
456,11/12/2021,863,21.27,27
457,11/11/2021,514,21.48,42
458,11/10/2021,742,21.69,31
459,11/9/2021,535,21.9,41
460,11/8/2021,329,22.11,57
461,11/7/2021,350,22.32,54
462,11/7/2021,683,22.53,34
463,11/6/2021,532,22.74,41
464,11/5/2021,429,22.95,46
465,11/4/2021,489,23.7,43
466,11/3/2021,515,24.45,42
467,11/2/2021,410,25.2,47
468,11/1/2021,339,25.95,56
469,10/31/2021,396,25.7,48
470,10/30/2021,467,25.45,44
471,10/29/2021,538,25.2,41
472,10/28/2021,609,24.95,37
473,10/27/2021,680,24.7,34
474,10/26/2021,751,24.45,30
475,10/25/2021,822,24.2,28
476,10/24/2021,893,23.95,26
477,10/23/2021,1293,23.7,20
478,10/22/2021,1056,23.45,24
479,10/21/2021,989,23.2,25
480,10/20/2021,1607,22.95,15
481,10/19/2021,1331,23.7,19
482,10/18/2021,1464,24.45,17
483,10/17/2021,1675,25.2,15
484,10/16/2021,1636,25.95,15
485,10/15/2021,1560,23.99,16
486,10/14/2021,1243,24.39,21
487,10/13/2021,2089,24.78,13
488,10/12/2021,1816,25.17,14
489,10/11/2021,2124,25.56,12
490,10/10/2021,2399,25.95,11
491,10/9/2021,2674,18.59,10
492,10/8/2021,2949,25.95,9
493,10/7/2021,4110,18.58,6
494,10/6/2021,2916,18.99,9
495,10/5/2021,2811,19.29,9
496,10/4/2021,3221,19.58,7
497,10/3/2021,1928,19.98,13
498,10/2/2021,1594,21.65,15
499,10/1/2021,698,23.3,33
500,9/30/2021,945,24.95,26
501,9/29/2021,1198,23.95,21
502,9/28/2021,1153,22.95,22
503,9/27/2021,1205,23.4,21
504,9/26/2021,1074,23.82,23
505,9/25/2021,1051,24.24,24
506,9/24/2021,1383,24.66,18
507,9/23/2021,930,23.22,26
508,9/22/2021,1011,21.81,24
509,9/21/2021,1018,20.4,24
510,9/20/2021,998,18.99,25
511,9/19/2021,714,25.58,32
512,9/18/2021,584,20.28,38
513,9/17/2021,537,14.99,41
514,9/16/2021,530,15.24,41
515,9/15/2021,487,18.12,43
516,9/14/2021,513,20.99,42
517,9/13/2021,504,20,42
518,9/12/2021,689,15.69,33
519,9/11/2021,524,18.3,41
520,9/10/2021,547,19.9,40
521,9/9/2021,468,20.59,44
522,9/8/2021,389,19.18,49
523,9/7/2021,481,21.18,43
524,9/6/2021,671,22.49,34
525,9/5/2021,664,24.99,35
526,9/4/2021,536,25.57,41
527,9/3/2021,505,25.99,42
528,9/2/2021,191,29.95,78
529,9/1/2021,136,29.95,98
530,8/31/2021,178,24.41,82
531,8/30/2021,1047,24.2,24
532,8/29/2021,1422,23.99,18
533,8/28/2021,1453,23.95,17
534,8/27/2021,1100,25.95,23
535,8/26/2021,741,26.3,31
536,8/25/2021,553,26.63,40
537,8/24/2021,558,26.96,40
538,8/23/2021,543,27.29,40
539,8/22/2021,754,27.62,30
540,8/21/2021,820,27.95,28
541,8/20/2021,1041,23.6,24
542,8/19/2021,1535,24.23,16
543,8/18/2021,1378,24.85,19
544,8/17/2021,1695,25.47,14
545,8/16/2021,1622,26.09,15
546,8/15/2021,1225,26.71,21
547,8/14/2021,1100,27.33,23
548,8/13/2021,941,27.95,26
549,8/12/2021,787,24.95,29
550,8/11/2021,935,23.22,26
551,8/10/2021,1158,19.99,22
552,8/9/2021,1140,23.95,22
553,8/8/2021,1095,8,23
554,8/7/2021,1184,11.56,22
555,8/6/2021,1491,15.09,17
556,8/5/2021,1487,18.62,17
557,8/4/2021,1600,22.15,15
558,8/3/2021,2672,23.95,10
559,8/2/2021,1687,24.05,14
560,8/1/2021,1769,24.14,14
561,7/31/2021,1533,24.23,16
562,7/30/2021,1462,24.32,17
563,7/29/2021,1547,24.41,16
564,7/28/2021,1655,24.5,15
565,7/27/2021,1719,24.59,14
566,7/26/2021,1577,24.68,15
567,7/25/2021,2234,24.77,12
568,7/24/2021,1930,24.86,13
569,7/23/2021,1770,24.95,14
570,7/22/2021,1444,23.89,17
571,7/21/2021,2958,22.87,9
572,7/20/2021,3403,21.85,7
573,7/19/2021,2033,20.83,13
574,7/18/2021,2117,19.81,12
575,7/17/2021,1680,18.79,15
576,7/16/2021,2108,17.77,13
577,7/15/2021,2352,16.75,11
578,7/14/2021,3022,15.73,8
579,7/13/2021,4491,14.71,6
580,7/12/2021,6003,13.69,4
581,7/11/2021,7515,12.67,3
582,7/10/2021,6095,11.65,4
583,7/9/2021,8007,10.63,3
584,7/8/2021,5064,9.61,5
585,7/7/2021,3629,8.59,7
586,7/6/2021,2873,7.57,9
587,7/5/2021,3280,6.55,7
588,7/4/2021,3425,5.53,7
589,7/3/2021,2586,4.51,10
590,7/2/2021,2258,3.49,12
591,7/1/2021,1543,2.47,16
592,6/30/2021,905,21.45,26
593,6/29/2021,745,21.01,31
594,6/28/2021,1084,20.65,23
595,6/27/2021,1060,20.29,24
596,6/26/2021,1236,19.93,21
597,6/25/2021,1136,19.57,22
598,6/24/2021,1168,19.21,22
599,6/23/2021,1388,18.85,18
600,6/22/2021,1808,18.49,14
601,6/21/2021,1848,18.13,14
602,6/20/2021,1529,17.77,16
603,6/19/2021,1211,17.41,21
604,6/18/2021,1477,17.05,17
605,6/17/2021,1610,16.69,15
606,6/16/2021,1536,16.33,16
607,6/15/2021,1288,15.97,20
608,6/14/2021,1280,15.61,20
609,6/13/2021,1145,15.25,22
610,6/12/2021,1170,14.89,22
611,6/11/2021,1219,16.65,21
612,6/10/2021,972,18.4,25
613,6/9/2021,896,20.15,26
614,6/8/2021,820,21.9,28
615,6/7/2021,1018,20.4,24
616,6/6/2021,774,21.15,29
617,6/5/2021,846,21.9,27
618,6/4/2021,677,21.55,34
619,6/3/2021,793,21.22,28
620,6/2/2021,970,20.89,25
621,6/1/2021,1415,20.56,18
622,5/31/2021,1860,20.23,14
623,5/30/2021,3068,19.9,8
624,5/29/2021,4167,20.9,6
625,5/28/2021,8184,21.9,3
626,5/27/2021,19902,22.9,0
627,5/26/2021,19757,22.9,0
628,5/25/2021,18809,22.9,0
629,5/24/2021,17815,22.9,0
630,5/23/2021,16821,22.9,0
631,5/22/2021,14481,22.9,0
632,5/21/2021,13593,22.9,1
633,5/20/2021,10946,22.9,2
634,5/19/2021,7309,22.9,3
635,5/18/2021,2882,22.9,9
636,5/17/2021,4638,22.9,6
637,5/16/2021,5095,24.15,5
638,5/15/2021,5041,25.4,5
639,5/14/2021,3672,26.65,7
640,5/13/2021,3049,27.9,8
641,5/12/2021,2808,23.55,9
642,5/11/2021,2567,19.22,10
643,5/10/2021,1428,14.89,18
644,5/9/2021,1129,15.56,23
645,5/8/2021,1597,16.18,15
646,5/7/2021,2064,16.8,13
647,5/6/2021,1046,17.42,24
648,5/5/2021,2245,18.04,12
649,5/4/2021,2569,18.66,10
650,5/3/2021,2891,19.28,9
651,5/2/2021,3213,19.9,7
652,5/1/2021,2254,23.9,12
653,4/30/2021,2165,27.9,12
654,4/29/2021,2110,25.4,13
655,4/28/2021,1705,22.9,14
656,4/27/2021,2522,23.65,11
657,4/26/2021,2230,24.4,12
658,4/25/2021,3240,25.15,7
659,4/24/2021,3240,25.9,7
