#,Date,Rank,Price,Sales
1,2/10/2023,5477,17.99,5
2,2/9/2023,6529,17.99,4
3,2/8/2023,4905,17.99,6
4,2/7/2023,4572,17.99,6
5,2/6/2023,4129,17.99,6
6,2/5/2023,4365,17.99,6
7,2/4/2023,4143,17.99,6
8,2/3/2023,4585,17.99,6
9,2/2/2023,4574,17.99,6
10,2/1/2023,4816,17.99,6
11,1/31/2023,4210,17.99,6
12,1/30/2023,3572,17.99,7
13,1/29/2023,3883,17.99,7
14,1/28/2023,3727,17.99,7
15,1/27/2023,3811,17.99,7
16,1/26/2023,3452,17.99,7
17,1/25/2023,3094,17.99,8
18,1/24/2023,3378,17.99,7
19,1/23/2023,4145,17.99,6
20,1/22/2023,5456,17.99,5
21,1/21/2023,5630,17.99,5
22,1/20/2023,5480,17.99,5
23,1/19/2023,3787,17.99,7
24,1/18/2023,3637,17.99,7
25,1/17/2023,3680,17.99,7
26,1/16/2023,3421,17.99,7
27,1/15/2023,3811,17.99,7
28,1/14/2023,3950,17.99,7
29,1/13/2023,2836,17.99,9
30,1/12/2023,2396,17.99,11
31,1/11/2023,2441,17.99,11
32,1/10/2023,2485,17.99,11
33,1/9/2023,2387,17.99,11
34,1/8/2023,2443,18.42,11
35,1/7/2023,2358,18.84,11
36,1/6/2023,2362,19.26,11
37,1/5/2023,2240,19.39,12
38,1/4/2023,2141,19.49,12
39,1/3/2023,2856,19.59,9
40,1/2/2023,2613,19.69,10
41,1/1/2023,2680,19.79,10
42,12/31/2022,3695,19.89,7
43,12/30/2022,3254,19.99,7
44,12/29/2022,2594,19.11,10
45,12/28/2022,3009,19.1,8
46,12/27/2022,3734,19.09,7
47,12/26/2022,5486,19.08,5
48,12/25/2022,5462,19.07,5
49,12/24/2022,4363,19.06,6
50,12/23/2022,3264,19.05,7
51,12/22/2022,3423,19.04,7
52,12/21/2022,3587,19.03,7
53,12/20/2022,3211,19.02,7
54,12/19/2022,3589,19.01,7
55,12/18/2022,3211,19,7
56,12/17/2022,3058,18.99,8
57,12/16/2022,3507,18.98,7
58,12/15/2022,3809,18.97,7
59,12/14/2022,3348,18.96,7
60,12/13/2022,3247,18.95,7
61,12/12/2022,3089,18.94,8
62,12/11/2022,3589,18.93,7
63,12/10/2022,4118,18.92,6
64,12/9/2022,3057,18.91,8
65,12/8/2022,2669,18.9,10
66,12/7/2022,3167,18.89,8
67,12/6/2022,3367,18.88,7
68,12/5/2022,2893,18.87,9
69,12/4/2022,2524,18.86,11
70,12/3/2022,4033,18.85,7
71,12/2/2022,4305,18.84,6
72,12/1/2022,3515,18.83,7
73,11/30/2022,3576,18.82,7
74,11/29/2022,2702,18.81,10
75,11/28/2022,2990,18.8,8
76,11/27/2022,2764,18.79,9
77,11/26/2022,3156,18.78,8
78,11/25/2022,2183,18.77,12
79,11/24/2022,2161,18.76,12
80,11/23/2022,2564,18.75,10
81,11/22/2022,2429,18.74,11
82,11/21/2022,2561,18.73,10
83,11/20/2022,2034,18.72,13
84,11/19/2022,1754,18.71,14
85,11/18/2022,1658,18.7,15
86,11/17/2022,1246,18.69,21
87,11/16/2022,1202,18.68,21
88,11/15/2022,1160,18.67,22
89,11/14/2022,1074,18.66,23
90,11/13/2022,1470,18.65,17
91,11/12/2022,2128,18.64,12
92,11/11/2022,1754,18.63,14
93,11/10/2022,2344,18.62,11
94,11/9/2022,3847,18.61,7
95,11/8/2022,3687,18.6,7
96,11/7/2022,4873,18.59,6
97,11/6/2022,4142,18.58,6
98,11/6/2022,3869,18.57,7
99,11/5/2022,4316,18.56,6
100,11/4/2022,3430,18.55,7
101,11/3/2022,3095,18.54,8
102,11/2/2022,3265,18.53,7
103,11/1/2022,3488,18.52,7
104,10/31/2022,2697,18.51,10
105,10/30/2022,3940,18.5,7
106,10/29/2022,4274,18.49,6
107,10/28/2022,3875,18.48,7
108,10/27/2022,3977,18.47,7
109,10/26/2022,3632,18.46,7
110,10/25/2022,4117,18.45,6
111,10/24/2022,3621,18.44,7
112,10/23/2022,5309,18.43,5
113,10/22/2022,4374,18.42,6
114,10/21/2022,3744,18.41,7
115,10/20/2022,4264,18.4,6
116,10/19/2022,4338,18.39,6
117,10/18/2022,3937,18.38,7
118,10/17/2022,3631,18.37,7
119,10/16/2022,2728,18.36,10
120,10/15/2022,3390,18.35,7
121,10/14/2022,3836,18.34,7
122,10/13/2022,3468,18.33,7
123,10/12/2022,4198,18.32,6
124,10/11/2022,4771,18.31,6
125,10/10/2022,3957,18.3,7
126,10/9/2022,3911,18.29,7
127,10/8/2022,4609,18.28,6
128,10/7/2022,4982,18.27,6
129,10/6/2022,4739,18.26,6
130,10/5/2022,4956,18.25,6
131,10/4/2022,3917,18.24,7
132,10/3/2022,4203,18.23,6
133,10/2/2022,3740,18.22,7
134,10/1/2022,4252,18.21,6
135,9/30/2022,3659,18.2,7
136,9/29/2022,3661,18.19,7
137,9/28/2022,3123,18.18,8
138,9/27/2022,3335,18.17,7
139,9/26/2022,3761,18.16,7
140,9/25/2022,3674,18.15,7
141,9/24/2022,4326,18.14,6
142,9/23/2022,3403,18.13,7
143,9/22/2022,3527,18.12,7
144,9/21/2022,3606,18.11,7
145,9/20/2022,4018,18.1,7
146,9/19/2022,4170,18.09,6
147,9/18/2022,3535,18.08,7
148,9/17/2022,4720,18.07,6
149,9/16/2022,4895,18.06,6
150,9/15/2022,4261,18.05,6
151,9/14/2022,4351,18.04,6
152,9/13/2022,4028,18.03,7
153,9/12/2022,4460,18.02,6
154,9/11/2022,5931,18.01,4
155,9/10/2022,8546,18,2
156,9/9/2022,22096,17.99,0
157,9/8/2022,21463,17.99,0
158,9/7/2022,19972,17.99,0
159,9/6/2022,17895,17.99,0
160,9/5/2022,14743,17.99,0
161,9/4/2022,12841,17.99,1
162,9/3/2022,10123,17.99,2
163,9/2/2022,7561,17.99,3
164,9/1/2022,4614,17.99,6
165,8/31/2022,1699,17.99,14
166,8/30/2022,2451,17.99,11
167,8/29/2022,3278,17.99,7
168,8/28/2022,2897,17.99,9
169,8/27/2022,2827,17.99,9
170,8/26/2022,2411,17.99,11
171,8/25/2022,2284,17.99,12
172,8/24/2022,3584,17.99,7
173,8/23/2022,3055,17.99,8
174,8/22/2022,2163,17.99,12
175,8/21/2022,2306,17.99,12
176,8/20/2022,2892,17.99,9
177,8/19/2022,2798,17.99,9
178,8/18/2022,2953,17.99,9
179,8/17/2022,3452,17.99,7
180,8/16/2022,3043,17.99,8
181,8/15/2022,4028,17.99,7
182,8/14/2022,3133,17.99,8
183,8/13/2022,2531,17.99,11
184,8/12/2022,2726,17.99,10
185,8/11/2022,2978,17.99,8
186,8/10/2022,3635,17.99,7
187,8/9/2022,3350,17.99,7
188,8/8/2022,4013,17.99,7
189,8/7/2022,4740,17.99,6
190,8/6/2022,3265,17.99,7
191,8/5/2022,2248,17.99,12
192,8/4/2022,2395,17.99,11
193,8/3/2022,3207,17.99,7
194,8/2/2022,2795,17.99,9
195,8/1/2022,3367,17.99,7
196,7/31/2022,2702,17.99,10
197,7/30/2022,3412,17.99,7
198,7/29/2022,3467,17.99,7
199,7/28/2022,3519,17.99,7
200,7/27/2022,3274,17.99,7
201,7/26/2022,3029,17.99,8
202,7/25/2022,3380,17.99,7
203,7/24/2022,3167,17.99,8
204,7/23/2022,2814,17.99,9
205,7/22/2022,2951,17.99,9
206,7/21/2022,3371,17.99,7
207,7/20/2022,3661,17.99,7
208,7/19/2022,3931,17.99,7
209,7/18/2022,3665,17.99,7
210,7/17/2022,2622,17.99,10
211,7/16/2022,2575,17.99,10
212,7/15/2022,2668,17.99,10
213,7/14/2022,3137,17.99,8
214,7/13/2022,2754,17.99,10
215,7/12/2022,3004,17.99,8
216,7/11/2022,3748,17.99,7
217,7/10/2022,3584,17.99,7
218,7/9/2022,4162,17.99,6
219,7/8/2022,4010,17.99,7
220,7/7/2022,3990,17.99,7
221,7/6/2022,4199,17.99,6
222,7/5/2022,4130,17.99,6
223,7/4/2022,3089,17.99,8
224,7/3/2022,3641,17.99,7
225,7/2/2022,3540,17.99,7
226,7/1/2022,2860,17.99,9
227,6/30/2022,3226,17.99,7
228,6/29/2022,3468,17.99,7
229,6/28/2022,3613,17.99,7
230,6/27/2022,3728,17.99,7
231,6/26/2022,4257,17.99,6
232,6/25/2022,3313,17.99,7
233,6/24/2022,4116,17.99,6
234,6/23/2022,4600,17.99,6
235,6/22/2022,3189,17.99,8
236,6/21/2022,3573,17.99,7
237,6/20/2022,4386,17.99,6
238,6/19/2022,3359,17.99,7
239,6/18/2022,3132,17.99,8
240,6/17/2022,3879,17.99,7
241,6/16/2022,3156,17.99,8
242,6/15/2022,3150,17.99,8
243,6/14/2022,3226,17.99,7
244,6/13/2022,4266,17.99,6
245,6/12/2022,4247,17.99,6
246,6/11/2022,4980,17.99,6
247,6/10/2022,3435,17.99,7
248,6/9/2022,2241,17.99,12
249,6/8/2022,2600,17.99,10
250,6/7/2022,3637,17.99,7
251,6/6/2022,3068,17.99,8
252,6/5/2022,3623,17.99,7
253,6/4/2022,2183,17.99,12
254,6/3/2022,1871,17.99,14
255,6/2/2022,2428,17.99,11
256,6/1/2022,1473,17.99,17
257,5/31/2022,1723,17.99,14
258,5/30/2022,2479,17.99,11
259,5/29/2022,2683,17.99,10
260,5/28/2022,2384,17.99,11
261,5/27/2022,2431,17.99,11
262,5/26/2022,2519,17.99,11
263,5/25/2022,2702,17.99,10
264,5/24/2022,1651,17.99,15
265,5/23/2022,2429,17.99,11
266,5/22/2022,2776,17.99,9
267,5/21/2022,2139,17.99,12
268,5/20/2022,1622,17.99,15
269,5/19/2022,1704,17.99,14
270,5/18/2022,1954,17.99,13
271,5/17/2022,2117,17.99,12
272,5/16/2022,2365,17.99,11
273,5/15/2022,2188,17.99,12
274,5/14/2022,2008,17.99,13
275,5/13/2022,2027,17.99,13
276,5/12/2022,1486,17.99,17
277,5/11/2022,1408,17.99,18
278,5/10/2022,1696,17.99,14
279,5/9/2022,1231,17.99,21
280,5/8/2022,1069,17.99,24
281,5/7/2022,1004,17.99,25
282,5/6/2022,940,17.99,26
283,5/5/2022,896,17.99,26
284,5/4/2022,694,17.99,33
285,5/3/2022,626,17.99,36
286,5/2/2022,981,17.99,25
287,5/1/2022,1029,17.99,24
288,4/30/2022,906,17.99,26
289,4/29/2022,1061,17.99,24
290,4/28/2022,1082,17.99,23
291,4/27/2022,1573,17.99,15
292,4/26/2022,1303,17.99,20
293,4/25/2022,1290,17.99,20
294,4/24/2022,1089,17.99,23
295,4/23/2022,1262,17.99,20
296,4/22/2022,1163,17.99,22
297,4/21/2022,822,17.99,28
298,4/20/2022,595,17.99,38
299,4/19/2022,710,17.99,32
300,4/18/2022,1051,17.99,24
301,4/17/2022,879,17.99,27
302,4/16/2022,692,17.99,33
303,4/15/2022,633,17.99,36
304,4/14/2022,658,17.99,35
305,4/13/2022,922,17.99,26
306,4/12/2022,773,17.99,29
307,4/11/2022,1249,17.99,21
308,4/10/2022,1198,17.99,21
309,4/9/2022,987,17.99,25
310,4/8/2022,870,17.99,27
311,4/7/2022,702,17.99,33
312,4/6/2022,457,17.99,45
313,4/5/2022,657,17.99,35
314,4/4/2022,601,17.99,38
315,4/3/2022,836,17.99,27
316,4/2/2022,670,17.99,34
317,4/1/2022,742,17.99,31
318,3/31/2022,1406,17.99,18
319,3/30/2022,1187,17.99,22
320,3/29/2022,1181,17.99,22
321,3/28/2022,1201,17.99,21
322,3/27/2022,1127,17.99,23
323,3/26/2022,1991,17.99,13
324,3/25/2022,1229,17.99,21
325,3/24/2022,1066,17.99,24
326,3/23/2022,1535,17.99,16
327,3/22/2022,1773,17.99,14
328,3/21/2022,1404,17.99,18
329,3/20/2022,1857,17.99,14
330,3/19/2022,3533,17.99,7
331,3/18/2022,3448,17.99,7
332,3/17/2022,3831,17.99,7
333,3/16/2022,2414,17.99,11
334,3/15/2022,2004,17.99,13
335,3/14/2022,2125,17.99,12
336,3/12/2022,1866,17.99,14
337,3/11/2022,1432,17.99,18
338,3/10/2022,1961,17.99,13
339,3/9/2022,1580,17.99,15
340,3/8/2022,1111,17.99,23
341,3/7/2022,1444,17.99,17
342,3/6/2022,1416,17.99,18
343,3/5/2022,1458,17.99,17
344,3/4/2022,1134,17.99,22
345,3/3/2022,1295,17.99,20
346,3/2/2022,855,17.99,27
347,3/1/2022,862,17.99,27
348,2/28/2022,868,17.99,27
349,2/27/2022,849,17.99,27
350,2/26/2022,1031,17.99,24
351,2/25/2022,1843,17.99,14
352,2/24/2022,959,17.99,25
353,2/23/2022,1534,17.99,16
354,2/22/2022,2071,17.99,13
355,2/21/2022,1298,17.99,20
356,2/20/2022,899,17.99,26
357,2/19/2022,1760,17.99,14
358,2/18/2022,1482,17.99,17
359,2/17/2022,1431,18.13,18
360,2/16/2022,1061,18.19,24
361,2/15/2022,1154,18.25,22
362,2/14/2022,875,18.31,27
363,2/13/2022,1065,18.37,24
364,2/12/2022,693,18.43,33
365,2/11/2022,716,18.49,32
366,2/10/2022,951,18.55,25
367,2/9/2022,721,18.61,32
368,2/8/2022,604,18.67,37
369,2/7/2022,1141,18.73,22
370,2/6/2022,805,18.79,28
371,2/5/2022,747,18.85,31
372,2/4/2022,621,18.91,37
373,2/3/2022,650,18.97,35
374,2/2/2022,568,19.03,39
375,2/1/2022,562,19.09,40
376,1/31/2022,702,19.15,33
377,1/30/2022,628,19.21,36
378,1/29/2022,645,19.27,35
379,1/28/2022,727,19.33,31
380,1/27/2022,997,19.39,25
381,1/26/2022,925,19.45,26
382,1/25/2022,843,19.51,27
383,1/24/2022,1062,19.57,24
384,1/23/2022,1188,19.63,22
385,1/22/2022,1123,19.69,23
386,1/21/2022,1271,19.75,20
387,1/20/2022,1187,19.81,22
388,1/19/2022,855,19.87,27
389,1/18/2022,1091,19.93,23
390,1/17/2022,23116,19.99,0
391,1/16/2022,19045,19.99,0
392,1/15/2022,16168,19.99,0
393,1/14/2022,15456,19.99,0
394,1/13/2022,15127,19.99,0
395,1/12/2022,17228,19.99,0
396,1/11/2022,15370,19.99,0
397,1/10/2022,26079,19.99,0
398,1/9/2022,26925,19.99,0
399,1/8/2022,26090,19.99,0
400,1/7/2022,25416,19.99,0
401,1/6/2022,24450,19.99,0
402,1/5/2022,23202,19.99,0
403,1/4/2022,23896,19.99,0
404,1/3/2022,24817,19.99,0
405,1/2/2022,24579,19.99,0
406,1/1/2022,23404,19.99,0
407,12/31/2021,21402,19.99,0
408,12/30/2021,21338,19.99,0
409,12/29/2021,22736,19.99,0
410,12/28/2021,22609,19.99,0
411,12/27/2021,22483,19.99,0
412,12/26/2021,21376,19.99,0
413,12/25/2021,14594,19.99,0
414,12/24/2021,10139,19.99,2
415,12/23/2021,6389,19.99,4
416,12/22/2021,6597,19.99,4
417,12/21/2021,5527,19.99,5
418,12/20/2021,4126,19.99,6
419,12/19/2021,5634,19.99,5
420,12/18/2021,12636,19.99,1
421,12/17/2021,13216,19.99,1
422,12/16/2021,13012,19.99,1
423,12/15/2021,12169,19.99,1
424,12/14/2021,11095,19.99,1
425,12/13/2021,9230,19.99,2
426,12/12/2021,7077,19.99,3
427,12/11/2021,6728,19.99,4
428,12/10/2021,2720,19.99,10
429,12/9/2021,3024,19.99,8
430,12/8/2021,2799,19.99,9
431,12/7/2021,1066,19.99,24
432,12/6/2021,891,19.99,26
433,12/5/2021,1275,19.99,20
434,12/4/2021,2147,19.99,12
435,12/3/2021,1544,19.99,16
436,12/2/2021,1075,19.99,23
437,12/1/2021,829,19.99,27
438,11/30/2021,1640,19.99,15
439,11/29/2021,3462,19.99,7
440,11/28/2021,3350,19.99,7
441,11/27/2021,1782,19.99,14
442,11/26/2021,455,19.99,45
443,11/25/2021,259,19.99,66
444,11/24/2021,301,19.99,61
445,11/23/2021,364,19.99,52
446,11/22/2021,297,19.99,61
447,11/21/2021,338,19.99,56
448,11/20/2021,330,19.99,57
449,11/19/2021,273,19.99,65
450,11/18/2021,335,19.99,56
451,11/17/2021,440,19.99,45
452,11/16/2021,562,19.99,40
453,11/15/2021,345,19.99,55
454,11/14/2021,265,19.99,66
455,11/13/2021,289,19.99,62
456,11/12/2021,324,19.99,58
457,11/11/2021,150,19.99,93
458,11/10/2021,162,19.99,88
459,11/9/2021,131,19.99,99
460,11/8/2021,82,19.99,127
461,11/7/2021,68,19.99,139
462,11/7/2021,170,19.99,85
463,11/6/2021,269,19.99,65
464,11/5/2021,524,19.99,41
465,11/4/2021,643,19.99,36
466,11/3/2021,401,19.99,47
467,11/2/2021,374,19.99,51
468,11/1/2021,350,19.99,54
469,10/31/2021,326,19.99,57
470,10/30/2021,302,19.99,61
471,10/29/2021,278,19.99,64
472,10/28/2021,254,19.99,67
473,10/27/2021,230,19.99,70
474,10/26/2021,206,19.99,74
475,10/25/2021,173,19.99,84
476,10/24/2021,157,19.99,90
477,10/23/2021,156,19.99,90
478,10/22/2021,110,19.99,107
479,10/21/2021,622,19.99,37
480,10/20/2021,143,19.99,95
481,10/19/2021,114,19.99,106
482,10/18/2021,86,19.99,123
483,10/17/2021,92,19.99,118
484,10/16/2021,90,19.99,120
485,10/15/2021,52,19.99,154
486,10/14/2021,52,19.94,154
487,10/13/2021,92,19.9,118
488,10/12/2021,198,18.57,75
489,10/11/2021,186,17.28,79
490,10/10/2021,179,15.99,82
491,10/9/2021,138,14.7,97
492,10/8/2021,171,13.41,85
493,10/7/2021,504,14,42
494,10/6/2021,269,14.59,65
495,10/5/2021,76,15.18,132
496,10/4/2021,145,15.77,94
497,10/3/2021,623,16.36,37
498,10/2/2021,242,16.95,69
499,10/1/2021,194,17.54,77
500,9/30/2021,36,18.13,202
501,9/29/2021,37,18.72,198
502,9/28/2021,50,19.31,155
503,9/27/2021,158,19.9,90
504,9/26/2021,183,19.99,81
505,9/25/2021,192,19.99,77
506,9/24/2021,191,19.99,78
507,9/23/2021,220,19.99,72
508,9/22/2021,226,19.99,71
509,9/21/2021,301,19.99,61
510,9/20/2021,358,19.99,53
511,9/19/2021,229,19.99,71
512,9/18/2021,191,19.99,78
513,9/17/2021,399,19.99,48
514,9/16/2021,328,19.99,57
515,9/15/2021,198,19.99,75
516,9/14/2021,346,19.99,55
517,9/13/2021,1471,19.99,17
518,9/12/2021,1070,19.99,24
519,9/11/2021,472,19.99,44
520,9/10/2021,460,19.99,45
521,9/9/2021,293,19.99,62
522,9/8/2021,1661,19.99,15
523,9/7/2021,1696,19.99,14
524,9/6/2021,1065,19.99,24
525,9/5/2021,716,19.99,32
526,9/4/2021,676,19.99,34
527,9/3/2021,426,19.99,46
528,9/2/2021,509,19.99,42
529,9/1/2021,337,19.99,56
530,8/31/2021,450,19.99,45
531,8/30/2021,639,19.99,36
532,8/29/2021,869,19.99,27
533,8/28/2021,1117,19.99,23
534,8/27/2021,1444,19.99,17
535,8/26/2021,1443,19.99,17
536,8/25/2021,2803,19.99,9
537,8/24/2021,3578,19.99,7
538,8/23/2021,1404,19.99,18
539,8/22/2021,1797,19.99,14
540,8/21/2021,2969,19.99,9
541,8/20/2021,4119,19.99,6
542,8/19/2021,8156,19.99,3
543,8/18/2021,7389,19.99,3
544,8/17/2021,4370,19.99,6
545,8/16/2021,3290,19.99,7
546,8/15/2021,2255,19.99,12
547,8/14/2021,5061,19.99,5
548,8/13/2021,2886,19.99,9
549,8/12/2021,1969,19.99,13
550,8/11/2021,2558,19.99,10
551,8/10/2021,4316,19.99,6
552,8/9/2021,3353,19.99,7
553,8/8/2021,1766,19.99,14
554,8/7/2021,15809,19.99,0
555,8/6/2021,10662,19.99,2
556,8/5/2021,5142,19.99,5
557,8/4/2021,5940,19.99,4
558,8/3/2021,11131,19.99,1
559,8/2/2021,13845,19.99,0
560,8/1/2021,11057,19.99,1
561,7/31/2021,4282,19.99,6
562,7/30/2021,7346,19.99,3
563,7/29/2021,15167,19.99,0
564,7/28/2021,10576,19.99,2
565,7/27/2021,12750,19.99,1
566,7/26/2021,12292,19.99,1
567,7/25/2021,10724,19.99,2
568,7/24/2021,43154,19.99,0
569,7/23/2021,30742,19.99,0
570,7/22/2021,54866,19.99,0
571,7/21/2021,51494,19.99,0
572,7/20/2021,38876,19.99,0
573,7/19/2021,33713,19.99,0
574,7/18/2021,27049,19.99,0
575,7/17/2021,11182,19.99,1
576,7/16/2021,23808,19.99,0
577,7/15/2021,7377,19.99,3
578,7/14/2021,5199,19.99,5
579,7/13/2021,10539,19.99,2
580,7/12/2021,17645,19.99,0
581,7/11/2021,24751,19.99,0
582,7/10/2021,9968,19.99,2
583,7/9/2021,12293,19.99,1
584,7/8/2021,16435,19.99,0
585,7/7/2021,54262,19.99,0
586,7/6/2021,92089,19.99,0
587,7/5/2021,89827,19.99,0
588,7/4/2021,86442,19.99,0
589,7/3/2021,84756,19.99,0
590,7/2/2021,79317,19.99,0
591,7/1/2021,78644,19.99,0
592,6/30/2021,76772,19.99,0
593,6/29/2021,72333,19.99,0
594,6/28/2021,67983,19.99,0
595,6/27/2021,61995,19.99,0
596,6/26/2021,51340,19.99,0
597,6/25/2021,45519,19.99,0
598,6/24/2021,34057,19.99,0
599,6/23/2021,35576,19.99,0
600,6/22/2021,32890,19.99,0
601,6/21/2021,36190,19.99,0
602,6/20/2021,39490,19.99,0
603,6/19/2021,12774,19.99,1
604,6/18/2021,55289,19.99,0
605,6/17/2021,44230,19.99,0
606,6/16/2021,40558,19.99,0
607,6/15/2021,18032,19.99,0
608,6/14/2021,23987,19.99,0
609,6/13/2021,44823,19.99,0
610,6/12/2021,32726,19.99,0
611,6/11/2021,27604,19.99,0
612,6/10/2021,19089,19.99,0
613,6/9/2021,14918,19.99,0
614,6/8/2021,41412,19.99,0
615,6/7/2021,37135,19.99,0
616,6/6/2021,20833,19.99,0
617,6/5/2021,32246,19.99,0
618,6/4/2021,23234,19.99,0
619,6/3/2021,6036,19.99,4
620,6/2/2021,6140,19.99,4
621,6/1/2021,20023,19.99,0
622,5/31/2021,18188,19.99,0
623,5/30/2021,8903,19.99,2
624,5/29/2021,7514,19.99,3
625,5/28/2021,10994,19.99,2
626,5/27/2021,14474,19.99,0
627,5/26/2021,22255,19.99,0
628,5/25/2021,19949,19.99,0
629,5/24/2021,17644,19.99,0
630,5/23/2021,21520,19.99,0
631,5/22/2021,25395,19.99,0
632,5/21/2021,46657,19.99,0
633,5/20/2021,46591,19.99,0
634,5/19/2021,46525,19.99,0
635,5/18/2021,41928,19.99,0
636,5/17/2021,37331,19.99,0
637,5/16/2021,121478,19.99,0
638,5/15/2021,129576,19.99,0
639,5/14/2021,137669,19.99,0
640,5/13/2021,145762,19.99,0
641,5/12/2021,153855,19.99,0
642,5/11/2021,161948,19.99,0
643,5/10/2021,170041,19.99,0
644,5/9/2021,178134,19.99,0
645,5/8/2021,186227,19.99,0
646,5/7/2021,194320,19.99,0
647,5/6/2021,202413,19.99,0
648,5/5/2021,202413,19.99,0
