#,Date,Rank,Price,Sales
1,2/10/2023,7564,13.89,3
2,2/9/2023,8753,13.89,2
3,2/8/2023,9941,13.89,2
4,2/7/2023,12518,13.89,1
5,2/6/2023,15095,13.89,0
6,2/5/2023,17672,13.89,0
7,2/4/2023,13719,13.89,1
8,2/3/2023,9766,13.89,2
9,2/2/2023,19397,13.89,0
10,2/1/2023,13967,13.89,0
11,1/31/2023,13676,13.89,1
12,1/30/2023,14071,13.89,0
13,1/29/2023,14466,13.89,0
14,1/28/2023,12547,13.89,1
15,1/27/2023,12616,13.89,1
16,1/26/2023,12684,13.89,1
17,1/25/2023,10996,13.89,2
18,1/24/2023,9309,13.89,2
19,1/23/2023,10846,13.89,2
20,1/22/2023,12381,13.89,1
21,1/21/2023,13916,13.89,0
22,1/20/2023,12840,13.89,1
23,1/19/2023,11764,13.89,1
24,1/18/2023,11634,13.89,1
25,1/17/2023,11504,13.89,1
26,1/16/2023,10082,13.89,2
27,1/15/2023,8660,13.89,2
28,1/14/2023,8174,13.89,3
29,1/13/2023,7689,13.89,3
30,1/12/2023,7213,13.89,3
31,1/11/2023,6737,13.89,4
32,1/10/2023,6948,13.89,3
33,1/9/2023,7159,13.89,3
34,1/8/2023,7100,13.89,3
35,1/7/2023,7042,13.89,3
36,1/6/2023,7445,13.89,3
37,1/5/2023,7384,13.89,3
38,1/4/2023,7324,13.89,3
39,1/3/2023,7164,13.89,3
40,1/2/2023,7442,13.89,3
41,1/1/2023,9430,13.89,2
42,12/31/2022,11417,13.89,1
43,12/30/2022,11777,13.89,1
44,12/29/2022,12136,13.89,1
45,12/28/2022,15470,13.89,0
46,12/27/2022,18804,13.89,0
47,12/26/2022,13907,13.89,0
48,12/25/2022,9011,13.89,2
49,12/24/2022,8806,13.89,2
50,12/23/2022,8601,13.89,2
51,12/22/2022,8885,13.89,2
52,12/21/2022,9168,13.89,2
53,12/20/2022,8322,13.89,2
54,12/19/2022,7477,13.89,3
55,12/18/2022,5618,13.89,5
56,12/17/2022,5468,13.89,5
57,12/16/2022,5318,13.89,5
58,12/15/2022,6094,13.89,4
59,12/14/2022,6869,13.89,3
60,12/13/2022,6312,13.89,4
61,12/12/2022,5756,13.89,5
62,12/11/2022,6274,13.89,4
63,12/10/2022,6791,13.89,4
64,12/9/2022,6557,13.89,4
65,12/8/2022,6324,13.89,4
66,12/7/2022,3416,13.89,7
67,12/6/2022,4824,13.89,6
68,12/5/2022,6231,13.89,4
69,12/4/2022,5144,13.89,5
70,12/3/2022,5139,13.89,5
71,12/2/2022,5135,13.89,5
72,12/1/2022,3411,13.89,7
73,11/30/2022,3825,13.89,7
74,11/29/2022,4238,13.89,6
75,11/28/2022,3955,13.89,7
76,11/27/2022,4216,13.89,6
77,11/26/2022,4477,13.89,6
78,11/25/2022,4038,13.89,7
79,11/24/2022,3599,13.89,7
80,11/23/2022,2684,13.89,10
81,11/22/2022,3033,13.89,8
82,11/21/2022,3382,13.89,7
83,11/20/2022,4511,13.89,6
84,11/19/2022,3889,13.89,7
85,11/18/2022,3267,13.89,7
86,11/17/2022,2716,13.89,10
87,11/16/2022,2166,13.89,12
88,11/15/2022,1228,13.89,21
89,11/14/2022,2828,13.89,9
90,11/13/2022,5063,13.89,5
91,11/12/2022,6219,13.89,4
92,11/11/2022,7188,13.89,3
93,11/10/2022,5995,13.89,4
94,11/9/2022,13406,13.89,1
95,11/8/2022,15926,13.89,0
96,11/7/2022,18446,13.89,0
97,11/6/2022,16717,13.89,0
98,11/6/2022,14988,13.89,0
99,11/5/2022,13259,13.89,1
100,11/4/2022,17146,13.89,0
101,11/3/2022,24436,13.89,0
102,11/2/2022,24508,13.89,0
103,11/1/2022,21227,13.89,0
104,10/31/2022,21481,13.89,0
105,10/30/2022,21734,13.89,0
106,10/29/2022,17448,13.89,0
107,10/28/2022,12182,13.89,1
108,10/27/2022,18299,13.89,0
109,10/26/2022,24415,13.89,0
110,10/25/2022,18496,13.89,0
111,10/24/2022,12577,13.89,1
112,10/23/2022,12297,13.89,1
113,10/22/2022,12018,13.89,1
114,10/21/2022,19078,13.89,0
115,10/20/2022,14498,13.89,0
116,10/19/2022,9918,13.89,2
117,10/18/2022,13450,13.89,1
118,10/17/2022,15809,13.89,0
119,10/16/2022,19893,13.89,0
120,10/15/2022,23975,13.89,0
121,10/14/2022,28057,13.89,0
122,10/13/2022,27354,13.89,0
123,10/12/2022,21050,13.89,0
124,10/11/2022,14747,13.89,0
125,10/10/2022,15573,13.89,0
126,10/9/2022,16397,13.89,0
127,10/8/2022,17221,13.89,0
128,10/7/2022,16006,13.89,0
129,10/6/2022,14792,13.89,0
130,10/5/2022,13578,13.89,1
131,10/4/2022,12863,13.89,1
132,10/3/2022,11428,13.89,1
133,10/2/2022,14009,13.89,0
134,10/1/2022,16589,13.89,0
135,9/30/2022,16883,13.89,0
136,9/29/2022,17176,13.89,0
137,9/28/2022,17469,13.89,0
138,9/27/2022,15991,13.89,0
139,9/26/2022,16565,13.89,0
140,9/25/2022,17138,13.89,0
141,9/24/2022,17711,13.89,0
142,9/23/2022,16975,13.89,0
143,9/22/2022,16240,13.89,0
144,9/21/2022,13350,13.89,1
145,9/20/2022,10461,13.89,2
146,9/19/2022,21416,13.89,0
147,9/18/2022,16316,13.89,0
148,9/17/2022,11216,13.89,1
149,9/16/2022,10641,13.89,2
150,9/15/2022,16792,13.89,0
151,9/14/2022,22943,13.89,0
152,9/13/2022,19892,13.89,0
153,9/12/2022,17971,13.89,0
154,9/11/2022,16225,13.89,0
155,9/10/2022,14479,13.89,0
156,9/9/2022,11704,13.89,1
157,9/8/2022,8931,13.89,2
158,9/7/2022,6158,13.89,4
159,9/6/2022,6255,13.89,4
160,9/5/2022,6352,13.89,4
161,9/4/2022,8982,13.89,2
162,9/3/2022,6917,13.89,3
163,9/2/2022,8019,13.89,3
164,9/1/2022,7977,13.89,3
165,8/31/2022,7240,13.89,3
166,8/30/2022,9103,13.89,2
167,8/29/2022,9833,13.89,2
168,8/28/2022,8142,13.89,3
169,8/27/2022,12140,13.89,1
170,8/26/2022,16138,13.89,0
171,8/25/2022,15046,13.89,0
172,8/24/2022,12394,13.89,1
173,8/23/2022,9743,13.89,2
174,8/22/2022,10547,13.89,2
175,8/21/2022,11350,13.89,1
176,8/20/2022,12857,13.89,1
177,8/19/2022,14363,13.89,0
178,8/18/2022,15869,13.89,0
179,8/17/2022,10394,13.89,2
180,8/16/2022,15906,13.89,0
181,8/15/2022,8059,13.89,3
182,8/14/2022,17914,13.89,0
183,8/13/2022,14036,13.89,0
184,8/12/2022,16966,13.89,0
185,8/11/2022,19895,13.89,0
186,8/10/2022,23344,13.89,0
187,8/9/2022,15396,13.89,0
188,8/8/2022,16245,13.89,0
189,8/7/2022,17094,13.89,0
190,8/6/2022,13669,13.89,1
191,8/5/2022,13521,13.89,1
192,8/4/2022,13374,13.89,1
193,8/3/2022,13392,13.89,1
194,8/2/2022,16128,13.89,0
195,8/1/2022,18864,13.89,0
196,7/31/2022,15632,13.89,0
197,7/30/2022,7818,13.89,3
198,7/29/2022,8919,13.89,2
199,7/28/2022,10018,13.89,2
200,7/27/2022,11117,13.89,1
201,7/26/2022,10389,13.89,2
202,7/25/2022,9662,13.89,2
203,7/24/2022,10056,13.89,2
204,7/23/2022,11381,13.89,1
205,7/22/2022,11763,13.89,1
206,7/21/2022,12451,13.89,1
207,7/20/2022,13138,13.89,1
208,7/19/2022,11335,13.89,1
209,7/18/2022,14588,13.89,0
210,7/17/2022,12295,13.89,1
211,7/16/2022,10003,13.89,2
212,7/15/2022,9072,13.89,2
213,7/14/2022,10997,13.89,2
214,7/13/2022,13653,13.89,1
215,7/12/2022,16309,13.89,0
216,7/11/2022,18965,13.89,0
217,7/10/2022,16486,13.89,0
218,7/9/2022,14008,13.89,0
219,7/8/2022,10382,13.89,2
220,7/7/2022,19191,13.89,0
221,7/6/2022,23445,13.89,0
222,7/5/2022,27698,13.89,0
223,7/4/2022,25055,13.89,0
224,7/3/2022,22414,13.89,0
225,7/2/2022,19773,13.89,0
226,7/1/2022,18278,13.89,0
227,6/30/2022,16785,13.89,0
228,6/29/2022,15292,13.89,0
229,6/28/2022,14431,13.89,0
230,6/27/2022,13570,13.89,1
231,6/26/2022,10321,13.89,2
232,6/25/2022,13561,13.89,1
233,6/24/2022,16801,13.89,0
234,6/23/2022,14675,13.89,0
235,6/22/2022,12550,13.89,1
236,6/21/2022,19125,13.89,0
237,6/20/2022,17048,13.89,0
238,6/19/2022,14971,13.89,0
239,6/18/2022,11675,13.89,1
240,6/17/2022,14416,13.89,0
241,6/16/2022,17156,13.89,0
242,6/15/2022,19896,13.89,0
243,6/14/2022,17813,13.89,0
244,6/13/2022,15047,13.89,0
245,6/12/2022,12281,13.89,1
246,6/11/2022,11004,13.89,1
247,6/10/2022,9728,13.89,2
248,6/9/2022,12530,13.89,1
249,6/8/2022,11977,13.89,1
250,6/7/2022,11425,13.89,1
251,6/6/2022,13334,13.89,1
252,6/5/2022,15242,13.89,0
253,6/4/2022,12755,13.89,1
254,6/3/2022,10270,13.89,2
255,6/2/2022,7785,13.89,3
256,6/1/2022,6788,13.89,4
257,5/31/2022,5792,13.89,5
258,5/30/2022,6600,13.89,4
259,5/29/2022,5948,13.89,4
260,5/28/2022,6668,13.89,4
261,5/27/2022,7388,13.89,3
262,5/26/2022,8498,13.89,2
263,5/25/2022,6653,13.89,4
264,5/24/2022,7064,13.89,3
265,5/23/2022,7475,13.89,3
266,5/22/2022,7030,13.89,3
267,5/21/2022,6585,13.89,4
268,5/20/2022,4574,13.89,6
269,5/19/2022,2564,13.89,10
270,5/18/2022,4246,13.89,6
271,5/17/2022,4172,14.23,6
272,5/16/2022,3957,14.25,7
273,5/15/2022,4019,14.27,7
274,5/14/2022,4585,14.29,6
275,5/13/2022,5151,14.31,5
276,5/12/2022,4695,14.33,6
277,5/11/2022,6062,14.35,4
278,5/10/2022,4558,14.37,6
279,5/9/2022,5482,14.39,5
280,5/8/2022,5121,14.41,5
281,5/7/2022,3555,14.43,7
282,5/6/2022,3781,14.45,7
283,5/5/2022,3333,14.47,7
284,5/4/2022,4510,14.49,6
285,5/3/2022,3044,14.51,8
286,5/2/2022,2958,14.53,9
287,5/1/2022,3569,14.55,7
288,4/30/2022,4997,14.57,5
289,4/29/2022,3607,14.59,7
290,4/28/2022,3258,14.61,7
291,4/27/2022,2672,14.63,10
292,4/26/2022,3413,14.65,7
293,4/25/2022,4153,14.67,6
294,4/24/2022,3809,14.69,7
295,4/23/2022,4047,14.71,7
296,4/22/2022,3489,14.73,7
297,4/21/2022,3895,14.75,7
298,4/20/2022,4175,14.77,6
299,4/19/2022,4591,14.79,6
300,4/18/2022,4887,14.81,6
301,4/17/2022,5183,14.83,5
302,4/16/2022,4791,14.85,6
303,4/15/2022,3281,14.87,7
304,4/14/2022,2668,14.89,10
305,4/13/2022,4382,15.25,6
306,4/12/2022,6095,15.33,4
307,4/11/2022,2794,15.41,9
308,4/10/2022,5094,15.49,5
309,4/9/2022,5664,15.57,5
310,4/8/2022,6232,15.65,4
311,4/7/2022,6800,15.73,4
312,4/6/2022,6556,15.81,4
313,4/5/2022,6313,15.89,4
314,4/4/2022,11177,15.97,1
315,4/3/2022,7366,16.05,3
316,4/2/2022,5193,16.13,5
317,4/1/2022,5554,16.21,5
318,3/31/2022,5914,16.29,4
319,3/30/2022,6277,16.37,4
320,3/29/2022,6640,16.45,4
321,3/28/2022,7003,16.53,3
322,3/27/2022,7508,16.61,3
323,3/26/2022,6521,16.69,4
324,3/25/2022,8133,16.77,3
325,3/24/2022,8224,16.85,3
326,3/23/2022,8315,16.93,3
327,3/22/2022,8182,17.01,3
328,3/21/2022,8050,17.09,3
329,3/20/2022,7918,17.17,3
330,3/19/2022,5344,17.25,5
331,3/18/2022,6105,17.33,4
332,3/17/2022,6865,17.41,3
333,3/16/2022,5903,17.49,5
334,3/15/2022,6071,17.57,4
335,3/14/2022,6237,17.65,4
336,3/12/2022,6403,17.73,4
337,3/11/2022,5200,17.81,5
338,3/10/2022,6258,17.89,4
339,3/9/2022,5271,18.39,5
340,3/8/2022,4983,18.49,6
341,3/7/2022,4696,18.59,6
342,3/6/2022,4156,18.69,6
343,3/5/2022,3616,18.79,7
344,3/4/2022,3076,18.89,8
345,3/3/2022,2885,18.99,9
346,3/2/2022,2694,19.09,10
347,3/1/2022,2467,19.19,11
348,2/28/2022,1817,19.29,14
349,2/27/2022,2458,19.39,11
350,2/26/2022,2330,19.49,11
351,2/25/2022,3326,19.59,7
352,2/24/2022,1828,19.69,14
353,2/23/2022,2199,19.79,12
354,2/22/2022,2473,19.89,11
355,2/21/2022,2504,19.99,11
356,2/20/2022,2230,20.09,12
357,2/19/2022,1938,20.19,13
358,2/18/2022,1599,20.29,15
359,2/17/2022,1733,20.39,14
360,2/16/2022,1783,20.49,14
361,2/15/2022,1445,20.59,17
362,2/14/2022,2040,20.69,13
363,2/13/2022,1593,20.79,15
364,2/12/2022,1425,20.89,18
365,2/11/2022,1273,20.99,20
366,2/10/2022,1339,21.09,19
367,2/9/2022,926,21.19,26
368,2/8/2022,685,21.29,34
369,2/7/2022,464,21.39,44
370,2/6/2022,610,21.49,37
371,2/5/2022,696,21.59,33
372,2/4/2022,469,21.69,44
373,2/3/2022,387,21.79,49
374,2/2/2022,421,21.89,46
375,2/1/2022,401,21.99,47
376,1/31/2022,304,22.09,60
377,1/30/2022,263,22.19,66
378,1/29/2022,245,22.29,68
379,1/28/2022,249,22.39,68
380,1/27/2022,252,22.49,67
381,1/26/2022,257,22.59,67
382,1/25/2022,271,22.69,65
383,1/24/2022,328,22.79,57
384,1/23/2022,274,22.89,64
385,1/22/2022,250,28.11,68
386,1/21/2022,229,33.33,71
387,1/20/2022,182,29.85,81
388,1/19/2022,167,26.37,86
389,1/18/2022,242,22.89,69
390,1/17/2022,230,32.91,70
391,1/16/2022,199,35.02,75
392,1/15/2022,179,34.35,82
393,1/14/2022,187,35.46,79
394,1/13/2022,198,36.56,75
395,1/12/2022,230,37.66,70
396,1/11/2022,263,38.12,66
397,1/10/2022,295,37.86,62
398,1/9/2022,321,36.93,58
399,1/8/2022,347,36.01,55
400,1/7/2022,373,37.68,51
401,1/6/2022,399,33.93,48
402,1/5/2022,425,31.08,46
403,1/4/2022,451,35.94,45
404,1/3/2022,457,36.38,45
405,1/2/2022,348,35.5,54
406,1/1/2022,364,35.5,52
407,12/31/2021,293,35.5,62
408,12/30/2021,418,35.94,47
409,12/29/2021,659,34.53,35
410,12/28/2021,688,33.12,33
411,12/27/2021,965,34.75,25
412,12/26/2021,911,36.38,26
413,12/25/2021,874,36.39,27
414,12/24/2021,838,36.4,27
415,12/23/2021,539,35.39,41
416,12/22/2021,472,34.49,44
417,12/21/2021,406,33.59,47
418,12/20/2021,397,32.69,48
419,12/19/2021,346,31.79,55
420,12/18/2021,287,30.89,63
421,12/17/2021,247,29.99,68
422,12/16/2021,209,29.09,73
423,12/15/2021,171,28.19,85
424,12/14/2021,151,27.29,92
425,12/13/2021,141,26.39,96
426,12/12/2021,120,25.49,103
427,12/11/2021,101,24.59,110
428,12/10/2021,82,23.69,127
429,12/9/2021,77,22.79,131
430,12/8/2021,73,21.89,135
431,12/7/2021,69,23.36,138
432,12/6/2021,65,24.72,142
433,12/5/2021,61,26.08,145
434,12/4/2021,55,27.44,151
435,12/3/2021,50,28.8,155
436,12/2/2021,75,30.16,133
437,12/1/2021,99,31.52,112
438,11/30/2021,129,32.88,100
439,11/29/2021,265,34.24,66
440,11/28/2021,300,35.6,61
441,11/27/2021,281,36.96,63
442,11/26/2021,337,38.32,56
443,11/25/2021,135,38.21,98
444,11/24/2021,153,38.11,91
445,11/23/2021,128,38.01,101
446,11/22/2021,123,37.91,102
447,11/21/2021,120,38.77,103
448,11/20/2021,232,39.62,70
449,11/19/2021,161,40.74,89
450,11/18/2021,150,41.86,93
451,11/17/2021,199,41.84,75
452,11/16/2021,145,41.83,94
453,11/15/2021,211,41.93,73
454,11/14/2021,308,42.02,60
455,11/13/2021,263,41.94,66
456,11/12/2021,254,41.86,67
457,11/11/2021,260,41.78,66
458,11/10/2021,193,41.45,77
459,11/9/2021,178,40.93,82
460,11/8/2021,238,41.16,69
461,11/7/2021,239,41.26,69
462,11/7/2021,173,41.45,84
463,11/6/2021,93,41.87,117
464,11/5/2021,64,41.69,143
465,11/4/2021,54,41.52,152
466,11/3/2021,67,41.36,140
467,11/2/2021,103,41.85,110
468,11/1/2021,268,42.01,65
469,10/31/2021,186,43.49,79
470,10/30/2021,128,43.5,101
471,10/29/2021,228,44.57,71
472,10/28/2021,194,45.64,77
473,10/27/2021,163,46.71,88
474,10/26/2021,523,46.32,41
475,10/25/2021,883,45.95,27
476,10/24/2021,1331,45.58,19
477,10/23/2021,2784,45.21,9
478,10/22/2021,2306,45.86,12
479,10/21/2021,1828,46.5,14
480,10/20/2021,1498,46.89,17
481,10/19/2021,1169,47.27,22
482,10/18/2021,436,46.99,46
483,10/17/2021,251,47.32,68
484,10/16/2021,197,47.64,76
485,10/15/2021,148,47.73,93
486,10/14/2021,383,47.82,50
487,10/13/2021,617,47.91,37
488,10/12/2021,7744,48.9,3
489,10/11/2021,12068,50.1,1
490,10/10/2021,12723,50.78,1
491,10/9/2021,13378,51.46,1
492,10/8/2021,12519,52.14,1
493,10/7/2021,11661,52.82,1
494,10/6/2021,12879,53.5,1
495,10/5/2021,19037,60.13,0
496,10/4/2021,18723,66.08,0
497,10/3/2021,18410,72.02,0
498,10/2/2021,17759,72.02,0
499,10/1/2021,17112,72.02,0
500,9/30/2021,16465,72.02,0
501,9/29/2021,15818,72.02,0
502,9/28/2021,15171,72.02,0
503,9/27/2021,15144,72.02,0
504,9/26/2021,15118,72.02,0
505,9/25/2021,15092,72.02,0
506,9/24/2021,15066,72.02,0
507,9/23/2021,15040,72.02,0
508,9/22/2021,11579,72.02,1
509,9/21/2021,8118,72.02,3
510,9/20/2021,4657,72.02,6
511,9/19/2021,5550,72.02,5
512,9/18/2021,6440,72.02,4
513,9/17/2021,7330,72.02,3
514,9/16/2021,8220,72.02,3
515,9/15/2021,8611,72.02,2
516,9/14/2021,9001,72.02,2
517,9/13/2021,9391,72.02,2
518,9/12/2021,9781,72.02,2
519,9/11/2021,9273,72.02,2
520,9/10/2021,8766,72.02,2
521,9/9/2021,8259,72.02,3
522,9/8/2021,7752,72.02,3
523,9/7/2021,7477,72.02,3
524,9/6/2021,7202,72.02,3
525,9/5/2021,6927,72.02,3
