#,Date,Rank,Price,Sales
1,2/10/2023,1108,12.5,3
2,2/9/2023,798,12.62,4
3,2/8/2023,1101,12.59,3
4,2/7/2023,950,12.7,3
5,2/6/2023,800,12.8,4
6,2/5/2023,1242,12.92,3
7,2/4/2023,2588,13,2
8,2/3/2023,1960,13.06,2
9,2/2/2023,1333,13.12,3
10,2/1/2023,800,13.11,4
11,1/31/2023,698,13.11,4
12,1/30/2023,1220,13.14,3
13,1/29/2023,1741,13.16,2
14,1/28/2023,1612,13.27,2
15,1/27/2023,3924,13.33,1
16,1/26/2023,3219,13.37,1
17,1/25/2023,2514,13.41,2
18,1/24/2023,2914,13.41,2
19,1/23/2023,3443,13.51,1
20,1/22/2023,2218,13.6,2
21,1/21/2023,2581,13.53,2
22,1/20/2023,1098,13.47,3
23,1/19/2023,1286,13.13,3
24,1/18/2023,1103,13.1,3
25,1/17/2023,1488,13.07,2
26,1/16/2023,1260,13.1,3
27,1/15/2023,940,13.32,3
28,1/14/2023,864,13.21,4
29,1/13/2023,789,13.11,4
30,1/12/2023,747,12.56,4
31,1/11/2023,719,12.34,4
32,1/10/2023,702,12.33,4
33,1/9/2023,638,12.32,5
34,1/8/2023,521,12.36,6
35,1/7/2023,562,12.38,5
36,1/6/2023,457,12.39,6
37,1/5/2023,490,12.41,6
38,1/4/2023,502,12.39,6
39,1/3/2023,520,12.67,6
40,1/2/2023,380,12.62,7
41,1/1/2023,428,12.58,6
42,12/31/2022,374,12.65,7
43,12/30/2022,448,12.53,6
44,12/29/2022,703,12.5,4
45,12/28/2022,958,12.47,3
46,12/27/2022,630,12.44,5
47,12/26/2022,963,12.41,3
48,12/25/2022,2068,12.38,2
49,12/24/2022,1825,12.35,2
50,12/23/2022,1653,12.31,2
51,12/22/2022,727,12.29,4
52,12/21/2022,1714,12.27,2
53,12/20/2022,1759,12.32,2
54,12/19/2022,1325,12.31,3
55,12/18/2022,1662,12.31,2
56,12/17/2022,1724,12.3,2
57,12/16/2022,1786,12.3,2
58,12/15/2022,1977,12.29,2
59,12/14/2022,2167,12.28,2
60,12/13/2022,1347,12.44,2
61,12/12/2022,935,12.59,3
62,12/11/2022,966,12.61,3
63,12/10/2022,484,12.63,6
64,12/9/2022,799,12.7,4
65,12/8/2022,978,12.75,3
66,12/7/2022,1053,12.8,3
67,12/6/2022,1127,12.85,3
68,12/5/2022,475,12.69,6
69,12/4/2022,907,12.54,4
70,12/3/2022,2107,12.49,2
71,12/2/2022,2078,12.7,2
72,12/1/2022,1397,12.72,2
73,11/30/2022,998,12.74,3
74,11/29/2022,1418,12.76,2
75,11/28/2022,1619,14.13,2
76,11/27/2022,1886,14.22,2
77,11/26/2022,1034,14.31,3
78,11/25/2022,1051,14.17,3
79,11/24/2022,1389,14.03,2
80,11/23/2022,1336,13.87,3
81,11/22/2022,1279,13.85,3
82,11/21/2022,926,13.83,3
83,11/20/2022,1070,13.8,3
84,11/19/2022,780,13.77,4
85,11/18/2022,567,13.5,5
86,11/17/2022,485,13.61,6
87,11/16/2022,292,13.71,9
88,11/15/2022,308,13.71,9
89,11/14/2022,316,13.29,9
90,11/13/2022,430,12.88,6
91,11/12/2022,633,12.94,5
92,11/11/2022,533,13.07,6
93,11/10/2022,328,13.18,8
94,11/9/2022,904,13.29,4
95,11/8/2022,1166,13.15,3
96,11/7/2022,1427,13.01,2
97,11/6/2022,631,12.87,5
98,11/6/2022,667,12.84,5
99,11/5/2022,711,13.07,4
100,11/4/2022,1173,13.3,3
101,11/3/2022,1318,13.53,3
102,11/2/2022,1283,13.76,3
103,11/1/2022,1445,13.99,2
104,10/31/2022,1069,14.31,3
105,10/30/2022,793,14.62,4
106,10/29/2022,912,14.93,4
107,10/28/2022,1031,15.24,3
108,10/27/2022,674,14.92,5
109,10/26/2022,767,14.7,4
110,10/25/2022,1272,14.48,3
111,10/24/2022,1153,14.26,3
112,10/23/2022,817,14.04,4
113,10/22/2022,805,13.82,4
114,10/21/2022,477,13.6,6
115,10/20/2022,673,13.38,5
116,10/19/2022,592,13.16,5
117,10/18/2022,1071,12.94,3
118,10/17/2022,983,12.72,3
119,10/16/2022,1315,13.36,3
120,10/15/2022,643,14,5
121,10/14/2022,995,14.64,3
122,10/13/2022,720,15.28,4
123,10/12/2022,740,15.32,4
124,10/11/2022,1691,15.35,2
125,10/10/2022,1547,15.34,2
126,10/9/2022,1403,15.33,2
127,10/8/2022,1041,15.32,3
128,10/7/2022,679,15.31,5
129,10/6/2022,1178,15.09,3
130,10/5/2022,1676,14.87,2
131,10/4/2022,2250,14.05,2
132,10/3/2022,2824,13.23,2
133,10/2/2022,943,14.02,3
134,10/1/2022,970,14.8,3
135,9/30/2022,750,15.58,4
136,9/29/2022,1495,14.29,2
137,9/28/2022,1003,14.04,3
138,9/27/2022,620,14.29,5
139,9/26/2022,1358,14.49,2
140,9/25/2022,3738,14.69,1
141,9/24/2022,2977,14.89,1
142,9/23/2022,2217,15.09,2
143,9/22/2022,1818,15.29,2
144,9/21/2022,1420,15.49,2
145,9/20/2022,5417,15.33,1
146,9/19/2022,5484,15.18,1
147,9/18/2022,5550,15.03,1
148,9/17/2022,3272,15.32,1
149,9/16/2022,994,15.58,3
150,9/15/2022,3954,15.84,1
151,9/14/2022,6913,16.1,0
152,9/13/2022,8061,16.36,0
153,9/12/2022,6563,16.68,0
154,9/11/2022,5034,16.99,1
155,9/10/2022,2792,16.75,2
156,9/9/2022,3418,16.54,1
157,9/8/2022,1856,16.33,2
158,9/7/2022,1151,16.12,3
159,9/6/2022,1945,15.91,2
160,9/5/2022,1267,15.65,3
161,9/4/2022,488,15.43,6
162,9/3/2022,2323,15.21,2
163,9/2/2022,902,14.99,4
164,9/1/2022,640,14.77,5
165,8/31/2022,2631,14.55,2
166,8/30/2022,1855,14.33,2
167,8/29/2022,2242,14.3,2
168,8/28/2022,2629,14.27,2
169,8/27/2022,2437,14.24,2
170,8/26/2022,1242,14.21,3
171,8/25/2022,649,14.18,5
172,8/24/2022,386,14.15,7
173,8/23/2022,714,14.39,4
174,8/22/2022,1041,14.62,3
175,8/21/2022,3323,11.94,1
176,8/20/2022,5837,13.12,1
177,8/19/2022,4130,15.26,1
178,8/18/2022,4576,14.44,1
179,8/17/2022,4358,13.63,1
180,8/16/2022,2070,12.82,2
181,8/15/2022,2901,11.66,2
182,8/14/2022,1635,11.89,2
183,8/13/2022,1716,12.52,2
184,8/12/2022,1678,14.56,2
185,8/11/2022,558,13.19,5
186,8/10/2022,693,13.54,5
187,8/9/2022,369,13.89,7
188,8/8/2022,434,12.25,6
189,8/7/2022,589,12.89,5
190,8/6/2022,1334,13.46,3
191,8/5/2022,1500,14.02,2
192,8/4/2022,1100,14.58,3
193,8/3/2022,2260,13.79,2
194,8/2/2022,1932,13.69,2
195,8/1/2022,1606,13.6,2
196,7/31/2022,1280,13.51,3
197,7/30/2022,3584,13.42,1
198,7/29/2022,907,13.33,4
199,7/28/2022,707,13.24,4
200,7/27/2022,755,13.15,4
201,7/26/2022,908,13.06,4
202,7/25/2022,859,13.05,4
203,7/24/2022,1103,13.05,3
204,7/23/2022,1346,13.05,2
205,7/22/2022,984,13.1,3
206,7/21/2022,1086,13.13,3
207,7/20/2022,974,13.16,3
208,7/19/2022,833,13.19,4
209,7/18/2022,706,13.14,4
210,7/17/2022,813,13.14,4
211,7/16/2022,866,13.14,4
212,7/15/2022,915,13.14,4
213,7/14/2022,774,13.14,4
214,7/13/2022,1021,13.14,3
215,7/12/2022,614,13.15,5
216,7/11/2022,625,13.15,5
217,7/10/2022,1154,13.15,3
218,7/9/2022,931,13.15,3
219,7/8/2022,1015,13.15,3
220,7/7/2022,1099,13.15,3
221,7/6/2022,1943,13.15,2
222,7/5/2022,1830,13.15,2
223,7/4/2022,1718,13.15,2
224,7/3/2022,1454,13.15,2
225,7/2/2022,2595,13.15,2
226,7/1/2022,1639,13.15,2
227,6/30/2022,884,12.74,4
228,6/29/2022,773,12.34,4
229,6/28/2022,1781,12.41,2
230,6/27/2022,1483,12.47,2
231,6/26/2022,1592,12.44,2
232,6/25/2022,1662,12.41,2
233,6/24/2022,2143,12.35,2
234,6/23/2022,821,12.3,4
235,6/22/2022,963,12.45,3
236,6/21/2022,1105,12.59,3
237,6/20/2022,2301,12.73,2
238,6/19/2022,3496,12.87,1
239,6/18/2022,1462,13.01,2
240,6/17/2022,1050,13.15,3
241,6/16/2022,740,13.16,4
242,6/15/2022,1114,13.16,3
243,6/14/2022,1488,13.16,2
244,6/13/2022,1997,13.16,2
245,6/12/2022,2506,13.16,2
246,6/11/2022,2310,13.29,2
247,6/10/2022,2114,13.41,2
248,6/9/2022,1569,13.43,2
249,6/8/2022,1025,13.44,3
250,6/7/2022,1063,13.45,3
251,6/6/2022,2240,13.46,2
252,6/5/2022,3314,13.55,1
253,6/4/2022,2135,13.57,2
254,6/3/2022,2567,13.59,2
255,6/2/2022,2998,13.61,1
256,6/1/2022,2205,13.63,2
257,5/31/2022,1413,13.65,2
258,5/30/2022,1448,13.67,2
259,5/29/2022,1482,13.69,2
260,5/28/2022,727,13.61,4
261,5/27/2022,843,13.53,4
262,5/26/2022,959,13.45,3
263,5/25/2022,1450,13.42,2
264,5/24/2022,2349,13.4,2
265,5/23/2022,1577,13.38,2
266,5/22/2022,1245,13.36,3
267,5/21/2022,1779,13.54,2
268,5/20/2022,2313,13.72,2
269,5/19/2022,2295,13.6,2
270,5/18/2022,2278,13.55,2
271,5/17/2022,1340,13.5,3
272,5/16/2022,1113,13.45,3
273,5/15/2022,809,13.4,4
274,5/14/2022,1397,13.35,2
275,5/13/2022,1240,13.3,3
276,5/12/2022,2562,13.25,2
277,5/11/2022,1842,13.2,2
278,5/10/2022,2757,13.15,2
279,5/9/2022,1496,13.24,2
280,5/8/2022,514,13.33,6
281,5/7/2022,2926,13.42,1
282,5/6/2022,1213,13.36,3
283,5/5/2022,960,13.34,3
284,5/4/2022,1116,13.32,3
285,5/3/2022,923,13.3,3
286,5/2/2022,791,13.28,4
287,5/1/2022,2167,13.37,2
288,4/30/2022,2252,13.45,2
289,4/29/2022,2151,13.53,2
290,4/28/2022,1050,13.61,3
291,4/27/2022,363,13.73,7
292,4/26/2022,343,13.85,8
293,4/25/2022,865,13.94,4
294,4/24/2022,1386,14.01,2
295,4/23/2022,1100,14.08,3
296,4/22/2022,1071,14.13,3
297,4/21/2022,776,14.18,4
298,4/20/2022,373,14.24,7
299,4/19/2022,474,14.29,6
300,4/18/2022,396,14.09,7
301,4/17/2022,319,13.9,8
302,4/16/2022,260,13.71,10
303,4/15/2022,377,13.52,7
304,4/14/2022,478,13.53,6
305,4/13/2022,578,13.54,5
306,4/12/2022,437,13.61,6
307,4/11/2022,1037,13.65,3
308,4/10/2022,495,13.69,6
309,4/9/2022,400,13.73,7
310,4/8/2022,305,13.77,9
311,4/7/2022,320,13.81,8
312,4/6/2022,334,13.85,8
313,4/5/2022,647,13.94,5
314,4/4/2022,835,14.02,4
315,4/3/2022,885,13.69,4
316,4/2/2022,1086,13.64,3
317,4/1/2022,1286,13.59,3
318,3/31/2022,1486,13.54,2
319,3/30/2022,1913,13.49,2
320,3/29/2022,2338,13.44,2
321,3/28/2022,2763,13.39,2
322,3/27/2022,2647,13.34,2
323,3/26/2022,2533,13.29,2
324,3/25/2022,2419,13.24,2
325,3/24/2022,1983,13.19,2
326,3/23/2022,1549,13.14,2
327,3/22/2022,1115,13.09,3
328,3/21/2022,4426,13.04,1
329,3/20/2022,7737,12.99,0
330,3/19/2022,8990,12.94,0
331,3/18/2022,10241,12.89,0
332,3/17/2022,11492,12.84,0
333,3/16/2022,10821,12.79,0
334,3/15/2022,10151,12.74,0
335,3/14/2022,9481,12.69,0
336,3/12/2022,9430,12.64,0
337,3/11/2022,9380,12.59,0
338,3/10/2022,9330,12.54,0
339,3/9/2022,9280,12.49,0
340,3/8/2022,9230,12.44,0
341,3/7/2022,9230,12.39,0
342,3/6/2022,9230,12.34,0
343,3/5/2022,9230,12.29,0
344,3/4/2022,9230,12.24,0
345,3/3/2022,9230,12.19,0
346,3/2/2022,9230,12.14,0
347,3/1/2022,9230,12.09,0
348,2/28/2022,9230,12.04,0
349,2/27/2022,9230,11.99,0
